@techreport{NewT,
      author         = "Cornelissen, T. and Elsing, M. and Fleischmann, S. and
                        Liebig, W. and Moyse, E. and others",
      title          = "{Concepts, Design and Implementation of the ATLAS New
                        Tracking (NEWT)}",
      year           = "2007",
      reportNumber   = "ATL-SOFT-PUB-2007-007, ATL-COM-SOFT-2007-002",
url = "https://cdsweb.cern.ch/record/1020106"
}

@techreport{PhotonConversion,
      title        = "Photon Conversions at $\sqrt{s} = 900 \GeV$ measured with the ATLAS Detector",
collaboration = "ATLAS",
      institution  = "CERN",
      address      = "Geneva",
      number       = "ATLAS-CONF-2010-007",
      month        = "Jun",
      year         = "2010",
url = "https://cdsweb.cern.ch/record/1274001"
}

@Thesis{HanceThesis,
      author         = "Hance, Michael",
      title          = "{Measurement of Inclusive Isolated Prompt Photon
                        Production in Proton-Proton Collisions at $\sqrt{s}=7$ TeV
                        with the ATLAS Detector}",
      SLACcitation   = "%%CITATION = CERN-THESIS-2011-044 ETC.;%%",
howpublished = "Thesis",
url = "http://cds.cern.ch/record/1367057"
}

@techreport{JetInputs,
      title        = "Properties of Jets and Inputs to Jet Reconstruction and
                      Calibration with the ATLAS Detector Using Proton-Proton
                      Collisions at $\sqrt{s}=7$ TeV",
collaboration = "ATLAS",
      institution  = "CERN",
      address      = "Geneva",
      number       = "ATLAS-CONF-2010-053",
      month        = "Jul",
      year         = "2010",
url = "https://cdsweb.cern.ch/record/1281310"
}

@article{JetXS,
      title          = "{Measurement of inclusive jet and dijet cross sections in
                        proton-proton collisions at 7 TeV centre-of-mass energy
                        with the ATLAS detector}",
      collaboration  = "ATLAS",
      journal        = "Eur.Phys.J.",
      volume         = "C71",
      pages          = "1512",
      doi            = "10.1140/epjc/s10052-010-1512-2",
      year           = "2011",
      eprint         = "1009.5908",
      archivePrefix  = "arXiv",
      primaryClass   = "hep-ex",
      reportNumber   = "CERN-PH-EP-2010-034",
      SLACcitation   = "%%CITATION = ARXIV:1009.5908;%%",
}

@techreport{BTagging,
      title        = "Commissioning of the ATLAS high-performance b-tagging
                      algorithms in the 7 TeV collision data",
      institution  = "CERN",
collaboration = "ATLAS",
      address      = "Geneva",
      number       = "ATLAS-CONF-2011-102",
      month        = "Jul",
      year         = "2011",
url = "https://cdsweb.cern.ch/record/1369219"
}

@book{HLTTDR,
      author       = "Jenni, Peter and Nessi, Marzio and Nordberg, Markus and
                      Smith, Kenway",
      title        = "ATLAS high-level trigger, data-acquisition and controls:
                      Technical Design Report",
      publisher    = "CERN",
      address      = "Geneva",
      series       = "Technical Design Report ATLAS",
      year         = "2003",
url = "https://cdsweb.cern.ch/record/616089"
}

@book{L1TDR,
      title        = "ATLAS level-1 trigger: Technical Design Report",
      publisher    = "CERN",
      address      = "Geneva",
      series       = "Technical Design Report ATLAS",
      year         = "1998",
collaboration = "ATLAS",
url = "https://cdsweb.cern.ch/record/381429"
}

@book{PhysPerfTDR2,
collaboration = "ATLAS",
      title        = "ATLAS detector and physics performance: Technical Design Report, 2",
      publisher    = "CERN",
      address      = "Geneva",
      series       = "Technical Design Report ATLAS",
      year         = "1999",
url = "https://cdsweb.cern.ch/record/391177"
}

@book{PhysPerfTDR1,
      title        = "ATLAS detector and physics performance: Technical Design Report, 1",
collaboration = "ATLAS",
       publisher    = "CERN",
      address      = "Geneva",
      series       = "Technical Design Report ATLAS",
      year         = "1999",
url = "https://cdsweb.cern.ch/record/391176"
}

@article{ExpectedPerfATLAS,
       title          = "{Expected Performance of the ATLAS Experiment - Detector,
                        Trigger and Physics}",
      collaboration  = "ATLAS",
      year           = "2009",
      eprint         = "0901.0512",
      archivePrefix  = "arXiv",
      primaryClass   = "hep-ex",
      reportNumber   = "SLAC-R-980, CERN-OPEN-2008-020",
      SLACcitation   = "%%CITATION = ARXIV:0901.0512;%%",
}
@article{AtlasJES,
       title          = "{Jet energy measurement with the ATLAS detector in
                        proton-proton collisions at $\sqrt{s}=7$ TeV}",
      collaboration  = "ATLAS",
      year           = "2011",
      eprint         = "1112.6426",
      archivePrefix  = "arXiv",
      primaryClass   = "hep-ex",
      reportNumber   = "CERN-PH-EP-2011-191",
      SLACcitation   = "%%CITATION = ARXIV:1112.6426;%%",
}

@techreport{CaloReco,
      author         = "Lampl, W. and Laplace, S. and Lelas, D. and Loch, P. and
                        Ma, H. and others",
      title          = "{Calorimeter clustering algorithms: Description and
                        performance}",
      year           = "2008",
      reportNumber   = "ATL-LARG-PUB-2008-002, ATL-COM-LARG-2008-003",
url = "https://cdsweb.cern.ch/record/1099735"
}

@article{MSReco,
      title          = "{Commissioning of the ATLAS Muon Spectrometer with Cosmic
                        Rays}",
      collaboration  = "ATLAS",
      journal        = "Eur.Phys.J.",
      volume         = "C70",
      pages          = "875-916",
      doi            = "10.1140/epjc/s10052-010-1415-2",
      year           = "2010",
      eprint         = "1006.4384",
      archivePrefix  = "arXiv",
      primaryClass   = "physics.ins-det",
      reportNumber   = "CERN-PH-EP-2010-045",
      SLACcitation   = "%%CITATION = ARXIV:1006.4384;%%",
}

@techreport{IDAlignment900GeV,
      title        = "Alignment Performance of the ATLAS Inner Detector Tracking
                      System in 7 TeV proton-proton collisions at the LHC",
     collaboration = "ATLAS", 
     institution  = "CERN",
      address      = "Geneva",
      number       = "ATLAS-CONF-2010-067",
      month        = "Jul",
      year         = "2010",
url = "https://cdsweb.cern.ch/record/1281342"
}


@techreport{IDAlignment7TeV,
collaboration = "ATLAS",
      title        = "Alignment of the ATLAS Inner Detector Tracâˆšking System
                      with 2010 LHC proton-proton collisions at $sqrt{s}$ = 7 TeV",
      institution  = "CERN",
      address      = "Geneva",
      number       = "ATLAS-CONF-2011-012",
      month        = "Mar",
      year         = "2011",
url = "https://cdsweb.cern.ch/record/1334582"
}

@techreport{IDAlignSysStudies2011,
collaboration = "ATLAS",
      title        = "Study of alignment-related systematic effects on the ATLAS
                      Inner Detector tracking",
      institution  = "CERN",
      address      = "Geneva",
      number       = "ATLAS-CONF-2012-141",
      month        = "Oct",
      year         = "2012",
url = "https://cdsweb.cern.ch/record/1483518"
}

@article {AtlasCosmics,
   affiliation = {CERN, 1211 Geneva 23, Switzerland},
   title = {Studies of the performance of the ATLAS detector using cosmic-ray muons},
      collaboration  = "ATLAS",
   journal = {The European Physical Journal C - Particles and Fields},
   publisher = {Springer Berlin / Heidelberg},
   issn = {1434-6044},
   keyword = {Physics and Astronomy},
   pages = {1-36},
   volume = {71},
   issue = {3},
   url = {http://dx.doi.org/10.1140/epjc/s10052-011-1593-6},
   note = {10.1140/epjc/s10052-011-1593-6},
   year = {2011}
}

@article{np_22_579,
author = "Sheldon L. Glashow",
title = "Partial-symmetries of weak interactions",
journal = "Nucl.~Phys.",
volume = "22",
number = "4",
pages = "579",
year = "1961",
doi = "10.1016/0029-5582(61)90469-2"
}

@article{Barate:2003sz,
     author = "{LEP Working Group for Higgs boson searches, ALEPH, DELPHI, L3 and OPAL Collaborations}",
     title     = "{Search for the standard model Higgs boson at LEP}",
     journal   = "Phys.~Lett.",
     volume    = "B 565",
     year      = "2003",
     pages     = "61",
     doi       = "10.1016/S0370-2693(03)00614-2"
}

@article{Aaltonen:2012if,
      author         = "Aaltonen, T. and others",
      title          = "{Combined search for the standard model Higgs boson
                        decaying to a bb pair using the full CDF data set}",
      collaboration  = "CDF",
      year           = "2012",
      eprint         = "1207.1707",
      archivePrefix  = "arXiv",
      primaryClass   = "hep-ex",
      reportNumber   = "FERMILAB-PUB-12-361-E",
      journal = "submitted to Phys.\ Rev.\ Lett."
}

@article{1748-0221-3-08-S08001,
  author={Lyndon Evans and Philip Bryant},
  title={LHC Machine},
  journal={JINST},
  volume={3},
  number={08},
  pages={S08001},
  doi="10.1088/1748-0221/3/08/S08001",
  year={2008}
}

@techreport{Pettersson:291782,
      author       = "Pettersson, Thomas Sven and Lefevre, P",
      title        = "The Large Hadron Collider: conceptual design.",
      url          =  {https://cdsweb.cern.ch/record/291782},
      institution  = "CERN",
      address      = "Geneva",
      number       = "CERN-AC-95-05 LHC",
      month        = "Oct",
      year         = "1995",
}

@techreport{Linnecar:1176380,
      author       = "Linnecar, T and others",
      title        = "Hardware and Initial Beam Commissioning of the LHC RF
                      Systems. oai:cds.cern.ch:1176380",
      url          = {https://cdsweb.cern.ch/record/1176380},
      institution  = "CERN",
      address      = "Geneva",
      number       = "LHC-PROJECT-Report-1172. CERN-LHC-PROJECT-Report-1172",
      month        = "Oct",
      year         = "2008",
}


@article{Feschenko:455800,
      author       = "Feschenko, A V and Hill, C E and Lombardi, A M and Liou, A
                      and Scrivens, R and Vretenar, Maurizio",
      title        = "Tests of the CERN proton linac performance for LHC-type beams.",
      url          = "https://cdsweb.cern.ch/record/455800",
      number       = "CERN-PS-2000-053-PP",
      pages        = "4 p",
      month        = "Aug",
      year         = "2000",
}

@article{1748-0221-3-08-S08002,
  collaboration={The ALICE },
  title={The ALICE experiment at the CERN LHC},
  journal={Journal of Instrumentation},
  volume={3},
  number={08},
  pages={S08002},
  url={http://stacks.iop.org/1748-0221/3/i=08/a=S08002},
  year={2008},
}

@techreport{Bajko:1168025,
      author       = "Bajko, M and others",
      title        = "Report of the Task Force on the Incident of 19th September
                      2008 at the LHC. oai:cds.cern.ch:1168025",
      url          = {https://cdsweb.cern.ch/record/1168025},
      institution  = "CERN",
      address      = "Geneva",
      number       = "LHC-PROJECT-Report-1168. CERN-LHC-PROJECT-Report-1168",
      month        = "Mar",
      year         = "2009",
}

@article{D0combo072012,
      author         = "Abazov, Victor Mukhamedovich and others",
      title          = "{Combined search for the standard model Higgs boson
                        decaying to b bbar using the D0 Run II data set}",
      collaboration  = "D0",
      year           = "2012",
      eprint         = "1207.6631",
      archivePrefix  = "arXiv",
      primaryClass   = "hep-ex",
      reportNumber   = "FERMILAB-PUB-12-406-E"
}

@article{TevatronCombo:2012,
      key            = "1124036",
      title          = "{Evidence for a particle produced in association with
                        weak bosons and decaying to a bottom-antibottom quark pair
                        in Higgs boson searches at the Tevatron}",
      collaboration  = " CDF Collaboration, D0",
      year           = "2012",
      journal = "submitted to Phys.\ Rev.\ Lett.",
      eprint         = "1207.6436",
      archivePrefix  = "arXiv",
      primaryClass   = "hep-ex",
      reportNumber   = "FERMILAB-PUB-12-412-E"
}

@article{Hasert1973138,
title = "Observation of neutrino-like interactions without muon or electron in the gargamelle neutrino experiment",
journal = "Physics Letters B",
volume = "46",
number = "1",
pages = "138 - 140",
year = "1973",
note = "",
issn = "0370-2693",
doi = "10.1016/0370-2693(73)90499-1",
url = "http://www.sciencedirect.com/science/article/pii/0370269373904991",
author = "F.J. Hasert and others"
}


@article{UA1W,
title = "Experimental observation of isolated large transverse energy electrons with associated missing energy at s=540 GeV",
      collaboration  = "UA1",
journal = "Physics Letters B",
volume = "122",
number = "1",
pages = "103 - 116",
year = "1983",
note = "",
issn = "0370-2693",
doi = "10.1016/0370-2693(83)91177-2",
url = "http://www.sciencedirect.com/science/article/pii/0370269383911772",
author = "G. Arnison and others"
}
%author = "G. Arnison and A. Astbury and B. Aubert and C. Bacci and G. Bauer and A. BÃ©zaguet and R. BÃ¶ck and T.J.V. Bowcock and M. Calvetti and T. Carroll and P. Catz and P. Cennini and S. Centro and F. Ceradini and S. Cittolin and D. Cline and C. Cochet and J. Colas and M. Corden and D. Dallman and M. DeBeer and M. Della Negra and M. Demoulin and D. Denegri and A. Di Ciaccio and D. DiBitonto and L. Dobrzynski and J.D. Dowell and M. Edwards and K. Eggert and E. Eisenhandler and N. Ellis and P. Erhard and H. Faissner and G. Fontaine and R. Frey and R. FrÃ¼hwirth and J. Garvey and S. Geer and C. GhesquiÃ¨re and P. Ghez and K.L. Giboni and W.R. Gibson and Y. Giraud-HÃ©raud and A. Givernaud and A. Gonidec and G. Grayer and P. Gutierrez and T. Hansl-Kozanecka and W.J. Haynes and L.O. Hertzberger and C. Hodges and D. Hoffmann and H. Hoffmann and D.J. Holthuizen and R.J. Homer and A. Honma and W. Jank and G. Jorat and P.I.P. Kalmus and V. KarimÃ¤ki and R. Keeler and I. Kenyon and A. Kernan and R. Kinnunen and H. Kowalski and W. Kozanecki and D. Kryn and F. Lacava and J.-P. Laugier and J.-P. Lees and H. Lehmann and K. Leuchs and A. LÃ©vÃªque and E. Linglin and E. Locci and M. Loret and J.-J. Malosse and T. Markiewicz and G. Maurin and T. McMahon and J.-P. Mendiburu and M.-N. Minard and M. Moricca and H. Muirhead and F. Muller and A.K. Nandi and L. Naumann and A. Norton and A. Orkin-Lecourtois and L. Paoluzi and G. Petrucci and G.Piano Mortari and M. PimiÃ¤ and A. Placci and E. Radermacher and J. Ransdell and H. Reithler and J.-P. Revol and J. Rich and M. Rijssenbeek and C. Roberts and J. Rohlf and P. Rossi and C. Rubbia and B. Sadoulet and G. Sajot and G. Salvi and J. Salvini and J. Sass and A. Saudraix and A. Savoy-Navarro and D. Schinzel and W. Scott and T.P. Shah and M. Spiro and J. Strauss and K. Sumorok and F. Szoncso and D. Smith and C. Tao and G. Thompson and J. Timmer and E. Tscheslog and J. Tuominiemi and S. Van der Meer and J.-P. Vialle and J. Vrana and V. Vuillemin and H.D. Wahl and P. Watkins and J. Wilson and Y.G. Xie and M. Yvert and E. Zurfluh"

@article{UA2W,
      author         = "Banner, M. and others",
      title          = "{Observation of Single Isolated Electrons of High
                        Transverse Momentum in Events with Missing Transverse
                        Energy at the CERN anti-p p Collider}",
      collaboration  = "UA2",
      journal        = "Phys.Lett.",
      volume         = "B122",
      pages          = "476-485",
      doi            = "10.1016/0370-2693(83)91605-2",
      year           = "1983",
      reportNumber   = "CERN-EP-83-25",
      SLACcitation   = "%%CITATION = PHLTA,B122,476;%%",
}

@article{UA1Z,
      author         = "Arnison, G. and others",
      title          = "{Experimental Observation of Lepton Pairs of Invariant
                        Mass Around 95-GeV/c**2 at the CERN SPS Collider}",
      collaboration  = "UA1",
      journal        = "Phys.Lett.",
      volume         = "B126",
      pages          = "398-410",
      doi            = "10.1016/0370-2693(83)90188-0",
      year           = "1983",
      reportNumber   = "CERN-EP-83-73",
      SLACcitation   = "%%CITATION = PHLTA,B126,398;%%",
}

@article{UA2Z,
      author         = "Bagnaia, P. and others",
      title          = "{Evidence for $Z0 \rightarrow e^+ e^-$ at the CERN anti-p p Collider}",
      collaboration  = "UA2",
      journal        = "Phys.Lett.",
      volume         = "B129",
      pages          = "130-140",
      doi            = "10.1016/0370-2693(83)90744-X",
      year           = "1983",
      reportNumber   = "CERN-EP-83-112",
      SLACcitation   = "%%CITATION = PHLTA,B129,130;%%",
}

@book{LEPMachine,
      title        = "LEP design report",
      publisher    = "CERN",
      address      = "Geneva",
      year         = "1984",
      url         = "http://cdsweb.cern.ch/record/102083"
}

@book{SLCMachine,
  title={Slac Linear Collider Conceptual Design Report},
  author={Center, S.L.A.},
  isbn={9781236603197},
  url={http://books.google.com/books?id=6wWAMQEACAAJ},
  year={2012},
  publisher={General Books}
}

@article{TevatronMt,
      key            = "920234",
      title          = {Combination of CDF and D0 results on the mass of the top
                        quark using up to 5.8~fb-1 of data},
      collaboration  = "Tevatron Electroweak Working Group, CDF and D0",
      year           = {2011},
      eprint         = "1107.5255",
      archivePrefix  = "arXiv",
      primaryClass   = "hep-ex",
      reportNumber   = "FERMILAB-TM-2504-E, CDF-NOTE-10549, D0-NOTE-6222",
      SLACcitation   = "%%CITATION = ARXIV:1107.5255;%%",
}

@article{TopDiscoveryCDF,
  title = {Observation of Top Quark Production in $\overline{\mathit{p}}\mathit{p}$ Collisions with the Collider Detector at Fermilab},
  author = {Abe, F. and others},
  collaboration = {CDF Collaboration},
  journal = {Phys. Rev. Lett.},
  volume = {74},
  issue = {14},
  pages = {2626--2631},
  year = {1995},
  doi = {10.1103/PhysRevLett.74.2626},
  url = {http://link.aps.org/doi/10.1103/PhysRevLett.74.2626},
  publisher = {American Physical Society}
}

@article{TevatronMw,
      key            = "848923",
      title          = "{Combination of CDF and D0 Results on the Width of the W
                        boson}",
      collaboration  = "Tevatron Electroweak Working Group",
      year           = "2010",
      eprint         = "1003.2826",
      archivePrefix  = "arXiv",
      primaryClass   = "hep-ex",
      reportNumber   = "FERMILAB-TM-2460-E",
      SLACcitation   = "%%CITATION = ARXIV:1003.2826;%%",
}

@Misc{dummy,
   title = "Dummy Bibliography Entry.",
   howpublished = "Not published."
}

@Article{QCD_promptphoton_NLO,
   author    = "Aurenche, P. and Baier, R. and Fontannaz, M. and Schiff, D.",
   title     = "Prompt photon production at large $p_T$. Scheme invariant
                QCD predictions and comparison with experiment",
   journal   = "Nucl.~Phys.~B",
   volume    = "297",
   year      = "1988",
   pages     = "661",
   doi       = "10.1016/0550-3213(88)90553-6"
}

@Article{promptphoton_and_gluon_pdf,
   author    = "Aurenche, P. and Baier, R. and Fontannaz, M. and Owens, J. F. and Werlen, M.",
   title     = "Gluon content of the nucleon probed with real and
                virtual photons",
   journal   = "Phys.~Rev.~D",
   volume    = "39",
   year      = "1989",
   pages     = "3275",
   doi       = "10.1103/PhysRevD.39.3275"
}

@Article{jetphox1,
         author="Catani, S. and others",
         title="Cross section of isolated prompt photons in hadron-hadron collisions",
         journal="JHEP",
         volume="05",
         pages="028",
         year="2002",
         doi="10.1088/1126-6708/2002/05/028" 
}

@Article{jetphox2,
         author="Aurenche, P. and others",
         title="Recent critical study of photon production in hadronic collisions",
         journal="Phys.~Rev.~D",
         volume="73",
         pages="094007",
         year="2006",
         doi="10.1103/PhysRevD.73.094007"
}

@Misc{jetphox_url,
title = "The JetPhox Monte Carlo Programme",
howpublished = {\url{http://lapth.in2p3.fr/PHOX_FAMILY/jetphox.html}}
}

@Article{Bourhis:2000gs,
     author    = "Bourhis, L. and Fontannaz, M. and Guillet, J. P. and
                  Werlen, M.",
     title     = "{Next-to-leading order determination of fragmentation
                  functions}",
     journal   = "Eur.~Phys.~J.~C",
     volume    = "19",
     year      = "2001",
     pages     = "89-98",
     doi       = "10.1007/s100520100579"
}
%     eprint    = "hep-ph/0009101",
%     archivePrefix = "arXiv"

@Article{ATLAS_detector,
     collaboration="ATLAS",
     journal="JINST",
     volume="3",
     year="2008",
     pages="S08003",
     title="The ATLAS Experiment at the CERN Large Hadron Collider",
     doi="10.1088/1748-0221/3/08/S08003"
}

@book{ATLASTDR1,
      title        = "ATLAS detector and physics performance: Technical Design Report, 1",
      collaboration = "ATLAS",         
      publisher    = "CERN",
      address      = "Geneva",
      series       = "Technical Design Report ATLAS",
      year         = "1999",
      url         = "https://cdsweb.cern.ch/record/391176",
}

@book{IDTDR1,
      title        = "ATLAS inner detector: Technical Design Report 1",
      collaboration = "ATLAS",         
      publisher    = "CERN",
      address      = "Geneva",
      series       = "Technical Design Report ATLAS",
      year         = "1997",
      url = "https://cdsweb.cern.ch/record/331063",
}

@book{IDTDR2,
      collaboration = "ATLAS",
      title        = "ATLAS inner detector: Technical Design Report, 2",
      publisher    = "CERN",
      address      = "Geneva",
      series       = "Technical Design Report ATLAS",
      year         = "1997",
      url = "https://cdsweb.cern.ch/record/331064"
}


@book{PixelTDR,
      collaboration = "ATLAS",
      title        = "ATLAS pixel detector: Technical Design Report",
      publisher    = "CERN",
      address      = "Geneva",
      series       = "Technical Design Report ATLAS",
      year         = "1998",
url = "https://cdsweb.cern.ch/record/381263"
}

@article{PixelSensor,
collaboration  = "ATLAS",
      title          = "{ATLAS pixel detector electronics and sensors}",
      journal        = "JINST",
      volume         = "3",
      pages          = "P07007",
      doi            = "10.1088/1748-0221/3/07/P07007",
      year           = "2008",
      SLACcitation   = "%%CITATION = JINST,3,P07007;%%",
}

@book{TILETDR,
      collaboration = "ATLAS",
      title        = "ATLAS tile calorimeter: Technical Design Report",
      publisher    = "CERN",
      address      = "Geneva",
      series       = "Technical Design Report ATLAS",
      year         = "1996",
url = "https://cdsweb.cern.ch/record/331062"
}

@book{MagnetTDR,
     collaboration = "ATLAS",
      title        = "ATLAS magnet system: Technical Design Report, 1",
      publisher    = "CERN",
      address      = "Geneva",
      series       = "Technical Design Report ATLAS",
      year         = "1997",
      url          = "https://cdsweb.cern.ch/record/338080"
}

@book{MuonTDR,
     collaboration = "ATLAS",
      title        = "ATLAS muon spectrometer: Technical Design Report",
      publisher    = "CERN",
      address      = "Geneva",
      series       = "Technical Design Report ATLAS",
      year         = "1997",
      url          = "https://cdsweb.cern.ch/record/331068"
}

@article{MDTPaper,
      author         = "Bauer, F. and Bratzler, U. and Dietl, H. and Kroha, H.
                        and Lagouri, T. and others",
      title          = "{Construction and test of MDT chambers for the ATLAS muon
                        spectrometer}",
      journal        = "Nucl.Instrum.Meth.",
      volume         = "A461",
      pages          = "17-20",
      doi            = "10.1016/S0168-9002(00)01156-6",
      year           = "2001",
      reportNumber   = "MPI-PHE-2000-11",
      SLACcitation   = "%%CITATION = NUIMA,A461,17;%%",
}



@article{CSCPaper,
      author         = "Argyropoulos, Theodoros and Assamagan, Ketevi Adikle and
                        Benedict, Brian Hugues and Chernyatin, Valeri and Cheu,
                        Elliot and others",
      title          = "{Cathode strip chambers in ATLAS: Installation,
                        commissioning and in situ performance}",
      journal        = "IEEE Trans.Nucl.Sci.",
      volume         = "56",
      pages          = "1568-1574",
      doi            = "10.1109/TNS.2009.2020861",
      year           = "2009",
      SLACcitation   = "%%CITATION = IETNA,56,1568;%%",
}



@article{Majewski:1984ag,
      author         = "Majewski, S. and Charpak, Georges and Breskin, A. and
                        Mikenberg, G.",
      title          = "{A Thin Multiwire Chamber Operating in the High
                        Multiplication Mode}",
      journal        = "Nucl.Instrum.Meth.",
      volume         = "217",
      pages          = "265-271",
      doi            = "10.1016/0167-5087(83)90146-1",
      year           = "1983",
      SLACcitation   = "%%CITATION = NUIMA,217,265;%%",
}


@article{RPCPaper,
      author         = "Aielli, G. and Aloisio, A. and Alviggi, M. and Aprodu, V.
                        and Bocci, V. and others",
      title          = "{The RPC first level muon trigger in the barrel of the
                        ATLAS experiment}",
      journal        = "Nucl.Phys.Proc.Suppl.",
      volume         = "158",
      pages          = "11-15",
      doi            = "10.1016/j.nuclphysbps.2006.07.031",
      year           = "2006",
      SLACcitation   = "%%CITATION = NUPHZ,158,11;%%",
}

@article{1748-0221-3-08-S08005,
  collaboration={The LHCb},
  title={The LHCb Detector at the LHC},
  journal={Journal of Instrumentation},
  volume={3},
  number={08},
  pages={S08005},
     doi="10.1088/1748-0221/3/08/S08005",
  year={2008},
}

@article{1748-0221-3-08-S08004,
  collaboration={The CMS},
  title={The CMS experiment at the CERN LHC },
  journal={Journal of Instrumentation},
  volume={3},
  number={08},
  pages={S08004},
     doi="10.1088/1748-0221/3/08/S08004",
  year={2008},
}


@Article{ATLAS_CSC,
     collaboration="ATLAS",
     eprint    = "0901.0512",
     archivePrefix = "arXiv",
     primaryClass  =  "hep-ex",
}

@Article{ATLAS_conversions,
     collaboration="ATLAS",
     eprint    = "0901.0512",
     archivePrefix = "arXiv",
     primaryClass  =  "hep-ex",
     title="Expected Performance of the ATLAS Experiment, Detector, Trigger and Physics",
     journal = "CERN-OPEN-2008-020",
     year="2008",
}

@book{ATLAS_PHYS_TDR,
      title        = "ATLAS Detector and Physics Performance: Technical Design Report",
      publisher    = "CERN",
      address      = "Geneva",
      series       = "Technical Design Report ATLAS",
      year         = "1999",
}

@techreport{Bettinelli:1019871,
      author       = "Bettinelli, M and others",
      title        = "Search for a SM Higgs decaying to two photons with the ATLAS detector",
      institution  = "CERN",
      address      = "Geneva",
      number       = "ATL-PHYS-PUB-2007-013. ATL-COM-PHYS-2007-011",
      year         = "2007",
}

@Article{Carminati:2007zz,
     author    = "Carminati, L.",
     collaboration = "ATLAS",
     title     = "{Search for a standard model Higgs boson in the H $\to$ gamma gamma channel with the ATLAS detector}",
     journal   = "Acta Phys. Polon.",
     volume    = "B38",
     year      = "2007",
     pages     = "747-754",
     SLACcitation  = "%%CITATION = APPOA,B38,747;%%"
}

@Article{LArTDR:1996fq,
     author    = "The ATLAS Collaboration",
     title     = "{ATLAS liquid argon calorimeter: Technical design report}",
     note     = "CERN-LHCC-96-41"
}

@techreport{ATLAS:1278455,
      author       = "The ATLAS Collaboration",
      title        = "ATLAS Sensitivity Prospects for Higgs Boson Production at the LHC Running at 7 TeV",
      institution  = "CERN",
      address      = "Geneva",
      number       = "ATL-PHYS-PUB-2010-009",
      year         = "2010",
}

@techreport{ATLAS-CONF-2011-004,
      title        = "Measurement of the backgrounds to the
                      $H\rightarrow\gamma\gamma$ search and reappraisal of its
                      sensitivity with 37 pb$^{-1}$ of data recorded by the ATLAS
                      detector",
      institution  = "CERN",
      address      = "Geneva",
      number       = "ATLAS-CONF-2011-004",
      year         = "2011",
}

@techreport{ATLAS-CONF-2011-085,
      title        = "Search for the Higgs Boson in the Diphoton Channel with the
                      ATLAS Detector using 209 pb-1 of 7 TeV Data taken in 2011",
      institution  = "CERN",
      address      = "Geneva",
      number       = "ATLAS-CONF-2011-085",
      month        = "Jun",
      year         = "2011",
}


@Article{ATLAS_EMC_calibration,
     collaboration="ATLAS",
     eprint    = "0901.0512",
     archivePrefix = "arXiv",
     primaryClass  =  "hep-ex"
}

%     journal = "CERN-OPEN-2008-020",
%     year="2008",
%     pages="44-71",
%     title="Expected Performance of the ATLAS Experiment, Detector, Trigger and Physics: Calibration and Performance of the Electromagnetic Calorimeter",

@Article{Winter_confNote,
     author    = "{ATLAS Collaboration}",
     journal = "ATLAS-CONF-2010-005",
     year="2010",
     title="Electron and photon reconstruction and identification in ATLAS: expected performance at high energy and results at 900 GeV ",
     url="http://cdsweb.cern.ch/record/1273197"
}     

@Article{EMTrigger_confNote,
     author    = "{ATLAS Collaboration}",
     journal = "ATLAS-CONF-2010-022",
     year="2010",
     title="Performance of the Electron and Photon Trigger in $pp$ Collisions at $\sqrt{s}=900$~GeV",
     url="http://cdsweb.cern.ch/record/1277654"
}     

@Article{ATLAS_EMC_detector,
     author="",
     collaboration="ATLAS",
     journal="",
     volume="",
     year="",
     pages=""
}

@Article{ATLAS_HAD_detector,
     author="",
     collaboration="ATLAS",
     journal="",
     volume="",
     year="",
     pages=""
}

@Article{ATLAS_ID_detector,
     author="",
     collaboration="ATLAS",
     journal="",
     volume="",
     year="",
     pages=""
}

@Article{D0_promptphoton,
     author="Abazov, V. M. and others",
     collaboration="D0",
     journal="Phys.~Lett.~B",
     volume="639",
     year="2006",
     pages="151",
     title="Measurement of the isolated cross section in $p\bar{p}$ collisions at $\sqrt{s}=1.96$ TeV",
     doi="10.1016/j.physletb.2006.04.048"
}

@Article{CDF_promptphoton,
     author="Aaltonen, T. and others",
     collaboration="CDF",
     journal="Phys.~Rev.~D",
     volume="80",
     year="2009",
     pages="111106(R)",
     title="Measurement of the inclusive isolated prompt photon cross section in $p\bar{p}$ collisions at $\sqrt{s}=1.96$ TeV using the CDF detector",
     doi="10.1103/PhysRevD.80.111106"
}

@Article{H1_promptphoton,
        author="Aaron, D. and others",
        collaboration="H1",
        journal="Eur.~Phys.~J.~C",
        volume="66",
        year="2010",
        pages="17",
        doi="10.1140/epjc/s10052-010-1240-7"
}

@Article{ZEUS_promptphoton,
         author="Chekanov, S. and others",
         collaboration="ZEUS",
         journal="Phys.~Lett.~B",
         volume="687",
         year="2010",
         pages="16",
         doi="10.1016/j.physletb.2010.02.045"
}

@Article{cteq,
       author="Pumplin, J. and others",
       journal = "JHEP",
       volume="07",
       year="2002",
       pages="012",
       title="New Generation of Parton Distributions with Uncertainties from Global QCD Analysis",
       doi="10.1088/1126-6708/2002/07/012"
}

@Article{mstw08,
       author="Martin, A. D. and Stirling, W. J. and Thorne, R. S. and Watt, G.",
       journal = "Eur.~Phys.~J.~C",
       volume="63",
       year="2009",
       pages="189-285",
       title="Parton Distributions for LO Generators",
       doi="10.1140/epjc/s10052-009-1072-5" 
}

@Article{geant,
        author  = "Agostinelli, S. and others",
        collaboration = "GEANT4",
        journal = "Nucl.~Instrum.~Methods~A",
        volume  = "506",
        pages   = "250",
        year    = "2003",
        title   = "GEANT4 - a simulation toolkit",
        doi     = "10.1016/S0168-9002(03)01368-8"
}

@Article{pythia,
        author  = "Sj{\"o}strand, T. and others",
        journal = "Computer Phys. Commun.",
        volume  = "135",
        pages   = "238",
        year    = "2001",
        title   = "High-Energy-Physics Event Generation with PYTHIA 6.1",
        doi     = "10.1016/S0010-4655(00)00236-8"
}

@Article{Herwig,
        author    = "Corcella, G. and others",
        journal   = "JHEP",
        volume    = "01",
        year      = "2001",
        pages     = "010",
        title     = "Herwig 6.5",
        doi       = "10.1088/1126-6708/2001/01/010"
}

@Article{JIMMY,
         author = "Butterworth, J. M. and Forshaw, J. R. and Seymour, M. H.",
         title  = "Multiparton Interactions in Photoproduction at HERA",
         journal= "Z.~Phys.~C",
         volume = "72",
         pages  = "637",
         year   = "1996",
         doi    = "10.1007/s002880050286"
}

@Article{Hoeche:2009xc,
     author    = "Hoeche, Stefan and Schumann, Steffen and Siegert, Frank",
     title     = "{Hard photon production and matrix-element parton-shower
                  merging}",
     journal   = "Phys. Rev.",
     volume    = "D81",
     year      = "2010",
     pages     = "034026",
     eprint    = "0912.3501",
     archivePrefix = "arXiv",
     primaryClass  =  "hep-ph",
     doi       = "10.1103/PhysRevD.81.034026",
     SLACcitation  = "%%CITATION = 0912.3501;%%"
}

@Article{ATLAS_MC09_tune,
        collaboration="ATLAS",
        title   = "ATLAS Monte Carlo tunes for MC09",
        journal = "ATL-PHYS-PUB-2010-002",
        year    = "2010",
        url     = "http://cdsweb.cern.ch/record/1247375"
}

@Article{ATLAS_simulation,
        collaboration="ATLAS",
        title   = "The ATLAS Simulation Infrastructure",
        journal   = "Eur.~Phys.~J.~C",
        volume    = "70",
        year      = "2010",
        pages     = "823",
        doi = "10.1140/epjc/s10052-010-1429-9"
}
%        archivePrefix = "arXiv",
%        eprint  = "1005.4568",
%        primaryClass  =  "physics.ins-det",
%        journal = "ATLAS-SOFT-2010-01-004",
%        year    = "2010",


@techreport{Barillari:1112035,
      author       = "Barillari, T and others",
      title        = "Local Hadronic Calibration",
      institution  = "CERN",
      address      = "Geneva",
      number       = "ATL-LARG-PUB-2009-001-2",
      year         = "2008"
}
%      note         = "Due to a report-number conflict with another document, the
%                      report-number ATL-LARG-PUB-2009-001-2 has been assigned.",

@Article{LHAPDF,
        author = "Whalley, R. M. and Bourilkov, D. and Group, R.C.",
        title = "The Les Houches accord PDFs (LHAPDF) and LHAGLUE",
        eprint    = "hep-ph/0508110",
        archivePrefix = "arXiv"
}

@Article{Campbell:2006wx,
     author    = "Campbell, John M. and Huston, J. W. and Stirling, W. J.",
     title     = "{Hard Interactions of Quarks and Gluons: A Primer for LHC
                  Physics}",
     journal   = "Rept. Prog. Phys.",
     volume    = "70",
     year      = "2007",
     pages     = "89",
     eprint    = "hep-ph/0611148",
     archivePrefix = "arXiv",
     doi       = "10.1088/0034-4885/70/1/R02",
     SLACcitation  = "%%CITATION = HEP-PH/0611148;%%"
}

@Article{Cacciari:area,
        author    = "Cacciari, Matteo and Salam, Gavin P. and Soyez, Gregory",
        journal   = "JHEP",
        volume    = "04",
        year      = "2008",
        pages     = "005",
        title     = "The Catchment Area of Jets",
        doi       = "10.1088/1126-6708/2008/04/005",
}
%        eprint    = "0802.1188",
%        archivePrefix = "arXiv",
%        primaryClass  =  "hep-ph",

%        SLACcitation  = "%%CITATION = 0802.1188;%%"


@Article{Cacciari:UE,
     author    = "Cacciari, Matteo and Salam, Gavin P. and Sapeta, Sebastian",
     title     = "{On the characterisation of the underlying event}",
     journal   = "JHEP",
     volume    = "04",
     year      = "2010",
     pages     = "065",
     doi       = "10.1007/JHEP04(2010)065",
}
%     eprint    = "0912.4926",
%     archivePrefix = "arXiv",
%     primaryClass  =  "hep-ph",
%     SLACcitation  = "%%CITATION = 0912.4926;%%"

@Article{prl_19_1264,
  author =   {{S.~Weinberg}},
  title  = "A Model of Leptons",
  journal =      PRL,
  year =     1967,
  volume =   {19},
  pages =    "1264",
  doi   = "10.1103/PhysRevLett.19.1264"
}


@article{tHooft:1972fi,
     author         = "'t Hooft, Gerard and Veltman, M.J.G.",
     title          = "{Regularization and Renormalization of Gauge Fields}",
     journal        = "Nucl. Phys.",
     volume         = "B44",
     pages          = "189",
     doi            = "10.1016/0550-3213(72)90279-9",
     year           = "1972"
}

@techreport{Berger:120614,
      author       = "Berger, C and Genzel, H and Grigull, R and Lackas, W and
                      Raupach, F and Klovning, A and LillestÃ¸l, Egil and
                      Lillethun, E and Skard, J A J and Ackermann, H and
                      Alexander, Gideon and Barreiro, F and BÃ¼rger, J and
                      Criegee, L and Dehne, H C and Devenish, R C E and Eskreys,
                      Andrzej and FlÃ¼gge, G and Franke, G and Gabriel, W and
                      Gerke, C and Knies, G and Lehmann, E and Mertiens, H D and
                      Pape, K H and Reich, H D and Stella, B and Ranga Swamy, T N
                      and Timm, U and Wagner, W and Waloschek, P and Winter, G G
                      and Zimmermann, W and Achterberg, O and Blobel, Volker and
                      Boesten, L and Kapitza, H and Koppitz, B and LÃ¼hrsen, W and
                      Maschuw, R and Van Staa, R and Spitzer, H and Chang, C Y and
                      Glasser, R G and Kellogg, R G and Lau, K H and Sechi-Zorn, B
                      and Skuja, A and Welch, G and Zorn, G T and BÃ¤cker, A and
                      Brandt, S and Derikum, K and Diekmann, A and Grupen, Claus
                      and Meyer, H J and Neumann, B and Rost, M and Zech, G and
                      Azemoon, T and Daum, H J and Meyer, H and Meyer, O A and
                      RÃ¶ssler, M and Schmidt, D and Wacker, K",
      title        = "Evidence for gluon bremsstrahlung in e$^{+}$e$^{-}$
                      annihilations at high energies",
      institution  = "DESY",
      address      = "Hamburg",
      number       = "DESY-79-57",
      year         = "1979",
}

@article{JadeGluons,
author = "Bartel, W. and others",
title = "Observation of planar three-jet events in e$^{+}$e$^{-}$ annihilation and evidence for gluon bremsstrahlung",
  journal = "Physics Letters B",
     year = 1980,
   volume = 91,
      doi = {10.1016/0370-2693(80)90680-2},
}

@article{PlutoGluons,
author = "Berger, C. and others",
    title = "Evidence for gluon bremsstrahlung in e$^{+}$e$^{-}$ annihilations at high energies",
  journal = "Physics Letters B",
     year = 1979,
   volume = 86,
    pages = {418-425},
   adsurl = {http://adsabs.harvard.edu/abs/1979PhLB...86..418B},
      doi = {10.1016/0370-2693(79)90869-4},
 }

@article{Higgs:1964pj,
      author         	= "Higgs, Peter W.",
      title          		= "{Broken symmetries and the masses of gauge bosons}",
      journal        	= "Phys. Rev. Lett.",
      year           	= "1964",
      volume         	= "13",
      pages          	= "508",
      doi            	= "10.1103/PhysRevLett.13.508"
}

@article{Higgs:1966ev,
      author         	= "Higgs, Peter W.",
      title          		= "{Spontaneous symmetry breakdown without massless bosons}",
      journal        	= "Phys. Rev.",
      year           	= "1966",
      volume         	= "145",
      pages          	= "1156",
      doi            	= "10.1103/PhysRev.145.1156"
}

@article{Kibble:1967sv,
      author  = "T.~W.~B.~Kibble",
      title   = "{Symmetry breaking in non-Abelian gauge theories}",
      journal = "Phys. Rev.",
      volume  = "155",
      pages   = "1554",
      doi     = "10.1103/PhysRev.155.1554",
      year    = "1967",
}


@Book{Weinberg:283223,
      author       = "Weinberg, Steven",
      title        = "The Quantum Theory of Fields",
      publisher    = "Cambridge Univ. Press",
      address      = "Cambridge",
      year         = "1995",
  }

@book{sm_salam,
  author =       "A. Salam",
  title =        "in Elementary Particle Theory, p. 367",
  editor =       "N.~Svartholm",
  publisher =    "Alm\-qvist and Wiksell",
  address =      "Stockholm",
  year =         1968
}


@book{green2009leading,
  title={{At the leading edge: the ATLAS and CMS LHC experiments}},
  author={Green, D.},
  isbn={9789814304672},
  lccn={2009045137},
  year={2009},
  publisher={World Scientific}
}

@Misc{publication_policy,
  title =        "ATLAS Publication Policy",
  howpublished =  {\url{http://atlas.web.cern.ch/Atlas/GROUPS/GENERAL/SCINOTES/scinotes.html}}
}

@Misc{roofit,
  title = "The RooFit Toolkit for Data Modeling",
  howpublished =  {\url{http://roofit.sourceforge.net}}
}

@Article{ATLAS-CONF-2010-077,
     author    = "{ATLAS Collaboration}",
      title        = "Evidence for prompt photon production in $pp$ collisions at $\sqrt{s} = 7\TeV$ with the ATLAS detector",
      journal      = "ATLAS-CONF-2010-077",
      year         = "2010",
      url          = "http://cdsweb.cern.ch/record/1281368"          
}
%      institution  = "CERN",
%      address      = "Geneva",
%      month        = "Jul",

@Article{Blair:2008ze,
     author    = "Blair, R. E. and Chekanov, S. and Heinrich, G. and Lipatov,
                  A. and Zotov, N.",
     title     = "Direct photon production at HERA, the Tevatron and the
                  LHC",
     howpublished = "ANL-HEP-CP-08-52, IPPP-08-64, DCPT-08-128, Proceedings of the HERA-LHC workshop (CERN-DESY), 2007-2008",
     journal   = "Proceedings of the HERA-LHC workshop (CERN-DESY), 2007-2008",
     year      = "2008",
     pages     = "p.681 ",
     eprint    = "0809.0846",
     archivePrefix = "arXiv"
}

@Article{MRST2007,
     author    = "Sherstnev, A. and Thorne, R. S.",
     title     = "Parton distributions for LO generators",
     journal   = "Eur.~Phys.~J.~C",
     volume    = "55",
     year      = "2008",
     pages     = "553",
     doi       = "10.1140/epjc/s10052-008-0610-x"
}

@techreport{PhotonID_INT_note,
      author       = "Abreu, H and Brelier, B and Dao, V and Delmastro, M and
                      Fanti, M and Hartert, J and Marchiori, G and Koffas, T and
                      Marchand, JF and Martin, F and Perez Reale, V and Tackmann,
                      K and Trinh, N and Wang, H and Wielers, M and Wu, SL and
                      Yuan, L",
      title        = "Photon performance in the ATLAS experiment",
      institution  = "CERN",
      address      = "Geneva",
      number       = "ATL-COM-PHYS-2010-240",
      month        = "May",
      year         = "2010",
}


@techreport{PhotonID_PUB_note,
      author       = "Collaboration, ATLAS",
      title        = "Expected photon performance in the ATLAS experiment",
      institution  = "CERN",
      address      = "Geneva",
      number       = "ATL-PHYS-PUB-2011-007",
      month        = "Apr",
      year         = "2011",
}


@Misc{unfolding,
     author    = "Barlow, R.",
     title     = "SLUO Lectures on Statistics and Numerical Methods in HEP Lecture 9: Unfolding",
     howpublished = {\url{http://www-group.slac.stanford.edu/sluo/Lectures/stat_lecture_files/sluolec9.pdf}}
}
%     howpublished = "http://www-group.slac.stanford.edu/sluo/Lectures/stat_lecture_files/sluolec9.pdf"

@Article{bayes_unfolding,
        author  = "D'Agostini, G.",
        journal = "Nucl.~Instrum.~Methods~A",
        volume  = "362",
        pages   = "487-498",
        year    = "1995",
        title   = "A multidimensional unfolding method based on Bayesâ€™ theorem",
        doi     = "10.1016/0168-9002(95)00274-X"
}

@Misc{scalediscussion,
  author    = "Guillet, J. P. and Pilon, E.",
  howpublished = "Recommended JETPHOX scale variation procedure (private communication)",
  year = "2010"
}

@Misc{PilonPrivate,
  author    = "Guillet, J. P. and Pilon, E.",
  howpublished = "private communication",
  year = "2010"
}

@Article{WZpaper,
        collaboration= "ATLAS",
        title        = "Measurement of the $W \to l\nu$ and $Z/\gamma^* \to ll$ production cross sections in proton-proton collisions at $\sqrt{s} = 7$ TeV with the ATLAS detector",
        eprint  = "1010.2130",
        archivePrefix = "arXiv",
        primaryClass  =  "hep-ex",
        note  = "Accepted for publication by JHEP"
}
%        journal = "CERN-PH-EPâ€“2010-037",
%        year    = "2010",


@Article{ATLAS-CONF-2010-060,
     author    = "{ATLAS Collaboration}",
      title        = "Luminosity determination using the ATLAS detector",
      journal      = "ATLAS-CONF-2010-060",
      year         = "2010",
      url          = "http://cdsweb.cern.ch/record/1281333"
}

@Article{ATLASlumipaper,
        collaboration= "ATLAS",
        title        = "Luminosity Determination in $pp$ Collisions at $\sqrt{s}=7$ TeV Using the ATLAS Detector at the LHC",
        eprint  = "1101.2185",
        archivePrefix = "arXiv",
        primaryClass  =  "hep-ex",
        note  = "Submitted to Eur. Phys. J. C"
}

@techreport{ATLAS-CONF-2011-011,
      author       = "The ATLAS Collaboration",
      title        = "Updated Luminosity Determination in pp Collisions at
                      root(s)=7 TeV using the ATLAS Detector",
      institution  = "CERN",
      address      = "Geneva",
      number       = "ATLAS-CONF-2011-011",
      month        = "Mar",
      year         = "2011",
}


@Article{FastJet,
     author    = "Cacciari, Matteo and Salam, Gavin P.",
     title     = "{Dispelling the $N^{3}$ myth for the $k_t$ jet-finder}",
     journal   = "Phys.~Lett.~B",
     volume    = "641",
     year      = "2006",
     pages     = "57-61",
     doi       = "10.1016/j.physletb.2006.08.037"

}
%     eprint    = "hep-ph/0512210",
%     archivePrefix = "arXiv",
%     SLACcitation  = "%%CITATION = HEP-PH/0512210;%%"

@Article{LundStrings,
     author    = "Andersson, Bo and Gustafson, G. and Ingelman, G. and
                  Sj{\"o}strand, T.",
     title     = "{Parton Fragmentation and String Dynamics}",
     journal   = "Phys.~Rept.",
     volume    = "97",
     year      = "1983",
     pages     = "31-145",
     doi       = "10.1016/0370-1573(83)90080-7",
     SLACcitation  = "%%CITATION = PRPLC,97,31;%%"
}

@Article{Ellis_kt,
     author    = "Ellis, Stephen D. and Soper, Davison E.",
     title     = "{Successive combination jet algorithm for hadron
                  collisions}",
     journal   = "Phys.~Rev.~D",
     volume    = "48",
     year      = "1993",
     pages     = "3160-3166",
     doi       = "10.1103/PhysRevD.48.3160",
}
%     eprint    = "hep-ph/9305266",
%     archivePrefix = "arXiv",
%     SLACcitation  = "%%CITATION = HEP-PH/9305266;%%"


@Article{Catani_kt,
     author    = "Catani, S. and Dokshitzer, Yuri L. and Seymour, M. H. and
                  Webber, B. R.",
     title     = "{Longitudinally invariant $K_t$ clustering algorithms for
                  hadron hadron collisions}",
     journal   = "Nucl.~Phys.~B",
     volume    = "406",
     year      = "1993",
     pages     = "187-224",
     doi       = "10.1016/0550-3213(93)90166-M",
     SLACcitation  = "%%CITATION = NUPHA,B406,187;%%"
}

@Article{Angelis_promptphoton,
     author    = "Angelis, A. L. S. and others",
 collaboration = "CERN-Columbia-Oxford-Rockefeller",
     title     = "{Search for Direct Single Photon Production at Large p(T)
                  in Proton Proton Collisions at s**(1/2) = 62.4-GeV}",
     journal   = "Phys.~Lett.~B",
     volume    = "94",
     year      = "1980",
     pages     = "106",
     doi       = "10.1016/0370-2693(80)90836-9",
     SLACcitation  = "%%CITATION = PHLTA,B94,106;%%"
}

@Article{Akesson_promptphoton,
     author    = "Akesson, T. and others",
 collaboration = "Axial Field Spectrometer",
     title     = "{DIRECT PHOTON PLUS AWAY - SIDE JET PRODUCTION IN p p
                  COLLISIONS AT s**1/2 = 63-GeV AND A DETERMINATION OF THE
                  GLUON DISTRIBUTION}",
     journal   = "Z.~Phys.~C",
     volume    = "34",
     year      = "1987",
     pages     = "293",
     doi       = "10.1007/BF01548810",
     SLACcitation  = "%%CITATION = ZEPYA,C34,293;%%"
}

@Article{Anassontzis:1982gm,
     author    = "Anassontzis, E. and others",
     title     = "{High p(t) Direct Photon Production in p p Collisions}",
     journal   = "Z.~Phys.~C",
     volume    = "13",
     year      = "1982",
     pages     = "277-289",
     doi       = "10.1007/BF01572345",
     SLACcitation  = "%%CITATION = ZEPYA,C13,277;%%"
}

@Article{Angelis:1989zv,
     author    = "Angelis, A. L. S. and others",
     collaboration = "CMOR",
     title     = "{DIRECT PHOTON PRODUCTION AT THE CERN ISR}",
     journal   = "Nucl.~Phys.~B",
     volume    = "327",
     year      = "1989",
     pages     = "541",
     doi       = "10.1016/0550-3213(89)90305-2",
     SLACcitation  = "%%CITATION = NUPHA,B327,541;%%"
}

@Article{Randall:1999ee,
     author    = "Randall, Lisa and Sundrum, Raman",
     title     = "{A large mass hierarchy from a small extra dimension}",
     journal   = "Phys.~Rev.~Lett.",
     volume    = "83",
     year      = "1999",
     pages     = "3370-3373",
     doi       = "10.1103/PhysRevLett.83.3370",
     SLACcitation  = "%%CITATION = HEP-PH/9905221;%%"
}
%     eprint    = "hep-ph/9905221",
%     archivePrefix = "arXiv",

@Article{Higgs:1964ia,
     author    = "Higgs, Peter W.",
     title     = "{Broken symmetries, massless particles and gauge fields}",
     journal   = "Phys.~Lett.",
     volume    = "12",
     year      = "1964",
     pages     = "132-133",
     doi       = "10.1016/0031-9163(64)91136-9",
     SLACcitation  = "%%CITATION = PHLTA,12,132;%%"
}

@Article{Englert:1964et,
     author    = "Englert, F. and Brout, R.",
     title     = "{Broken Symmetry and the Mass of Gauge Vector Mesons}",
     journal   = "Phys.~Rev.~Lett.",
     volume    = "13",
     year      = "1964",
     pages     = "321-322",
     doi       = "10.1103/PhysRevLett.13.321",
     SLACcitation  = "%%CITATION = PRLTA,13,321;%%"
}

@article{Guralnik:1964eu,
      author  = "G.~S.~Guralnik and C.~R.~Hagen and T.~W.~.B.~Kibble",
      title   = "Global conservation laws and massless particles",
      journal = "Phys.\ Rev.\ Lett.",
      volume  = "13",
      pages   = "585",
      doi     = "10.1103/PhysRevLett.13.585",
      year    = "1964"
}

@article{lepew:2010vi,
     author    ="{The ALEPH, CDF, D\O, DELPHI, L3, OPAL, SLD Collaborations, the LEP Electroweak Working Group, the Tevatron Electroweak Working Group, and the SLD electroweak and heavy flavour groups}",
     title      = "Precision Electroweak Measurements and Constraints on the Standard Model",
     journal    ="{CERN-PH-EP-2010-095}",
     year      = "2010",
     eprint    = "1012.2367",
     archivePrefix = "arXiv",
     primaryClass  =  "hep-ex"
}

@Misc{XSecSummary,
      author = "{ATLAS Collaboration}",
      howpublished = "online",
      url = "https://twiki.cern.ch/twiki/bin/view/AtlasPublic/CombinedSummaryPlots"
}



@Misc{LumiPlots,
      author = "{ATLAS Collaboration}",
      howpublished = "online",
      url = "https://twiki.cern.ch/twiki/bin/view/AtlasPublic/LuminosityPublicResults",
}



@Misc{LEPHiggsJuly2011,
      author = "{The LEP Electroweak Working Group}",
      howpublished = "On line",
      url = "http://lepewwg.web.cern.ch/LEPEWWG/plots/summer2011/"
}

@book{gunion2000higgs,
  title={The Higgs Hunter's Guide},
  author={Gunion, J.F. and Haber, H.E. and Kane, G. and Dawson, S.},
  isbn={9780738203058},
  lccn={90038530},
  series={Frontiers in Physics, V. 80},
  year={2000},
  publisher={Basic Books}
}

@article{Djouadi:2005gi,
      author         = "Djouadi, Abdelhak",
      title          = "{The Anatomy of electro-weak symmetry breaking. I: The
                        Higgs boson in the standard model}",
      journal        = "Phys.Rept.",
      volume         = "457",
      pages          = "1-216",
      doi            = "10.1016/j.physrep.2007.10.004",
      year           = "2008",
      eprint         = "hep-ph/0503172",
      archivePrefix  = "arXiv",
      primaryClass   = "hep-ph",
      reportNumber   = "LPT-ORSAY-05-17",
      SLACcitation   = "%%CITATION = HEP-PH/0503172;%%",
}

@article{Djouadi:2005gj,
      author         = "Djouadi, Abdelhak",
      title          = "{The Anatomy of electro-weak symmetry breaking. II. The
                        Higgs bosons in the minimal supersymmetric model}",
      journal        = "Phys.Rept.",
      volume         = "459",
      pages          = "1-241",
      doi            = "10.1016/j.physrep.2007.10.005",
      year           = "2008",
      eprint         = "hep-ph/0503173",
      archivePrefix  = "arXiv",
      primaryClass   = "hep-ph",
      reportNumber   = "LPT-ORSAY-05-18",
      SLACcitation   = "%%CITATION = HEP-PH/0503173;%%",
}

@article{LHCHiggsCrossSectionWorkingGroup:2011ti,
      author  = "{LHC Higgs Cross Section Working Group} and Dittmaier, S. and Mariotti, C. and Passarino, G. and Tanaka (Eds.), R.",
      title   = "{Handbook of LHC Higgs Cross Sections: 1. Inclusive Observables}",
      journal = "CERN-2011-002",
      year    = "CERN, Geneva, 2011",
      eprint  = "1101.0593",
      archivePrefix = "arXiv",
      primaryClass  = "hep-ph",
      SLACcitation   = "%%CITATION = ARXIV:1101.0593;%%",
}

@article{Dittmaier:2012vm,
      author  = "{LHC Higgs Cross Section Working Group} and Dittmaier, S. and Mariotti, C. and Passarino, G. and Tanaka (Eds.), R.",
      title          = "{Handbook of LHC Higgs Cross Sections: 2. Differential Distributions}",
      journal = "CERN-2012-002",
      year    = "CERN, Geneva, 2012",
      eprint         = "1201.3084",
      archivePrefix  = "arXiv",
      primaryClass   = "hep-ph",
      SLACcitation   = "%%CITATION = ARXIV:1201.3084;%%",
}

@Article{Dine:1981za,
     author    = "Dine, Michael and Fischler, Willy and Srednicki, Mark",
     title     = "{Supersymmetric Technicolor}",
     journal   = "Nucl.~Phys.~B",
     volume    = "189",
     year      = "1981",
     pages     = "575-593",
     doi       = "10.1016/0550-3213(81)90582-4",
     SLACcitation  = "%%CITATION = NUPHA,B189,575;%%"
}

@Article{Dimopoulos:1981au,
     author    = "Dimopoulos, Savas and Raby, Stuart",
     title     = "{Supercolor}",
     journal   = "Nucl.~Phys.~B",
     volume    = "192",
     year      = "1981",
     pages     = "353",
     doi       = "10.1016/0550-3213(81)90430-2",
     SLACcitation  = "%%CITATION = NUPHA,B192,353;%%"
}

@Article{Nappi:1982hm,
     author    = "Nappi, Chiara R. and Ovrut, Burt A.",
     title     = "{Supersymmetric Extension of the SU(3) x SU(2) x U(1)
                  Model}",
     journal   = "Phys.~Lett.~B",
     volume    = "113",
     year      = "1982",
     pages     = "175",
     doi       = "10.1016/0370-2693(82)90418-X",
     SLACcitation  = "%%CITATION = PHLTA,B113,175;%%"
}

@Article{Weinberg:1979bn,
     author    = "Weinberg, Steven",
     title     = "{Implications of Dynamical Symmetry Breaking: An
                  Addendum}",
     journal   = "Phys.~Rev.~D",
     volume    = "19",
     year      = "1979",
     pages     = "1277-1280",
     doi       = "10.1103/PhysRevD.19.1277",
     SLACcitation  = "%%CITATION = PHRVA,D19,1277;%%"
}

@Article{UA1_promptphoton,
     author = "Albajar, C. and others",
     collaboration = "UA1",
     title    = "Direct photon production at the CERN proton-antiproton Collider",
     journal  = "Phys.~Lett.~B",
     volume   = "209",
     pages    = "385",
     year     = "1988",
     doi      = "10.1016/0370-2693(88)90968-9"
}


@Article{Appel:1986ix,
     author    = "Appel, J. A. and others",
 collaboration = "UA2",
     title     = "{DIRECT PHOTON PRODUCTION AT THE CERN anti-p p COLLIDER}",
     journal   = "Phys.~Lett.~B",
     volume    = "176",
     year      = "1986",
     pages     = "239",
     doi       = "10.1016/0370-2693(86)90957-3",
     SLACcitation  = "%%CITATION = PHLTA,B176,239;%%"
}

@Article{Werlen:1999ij,
     author    = "Werlen, M. and others",
     collaboration = "UA6",
     title     = "{A New determination of $\alpha_s$ using direct photon
                  production cross-sections in $p p$ and $\bar{p} p$
                  collisions at $S^{(1/2)}$ = 24.3-GeV}",
     journal   = "Phys.~Lett.~B",
     volume    = "452",
     year      = "1999",
     pages     = "201-206",
     doi       = "10.1016/S0370-2693(99)00251-8",
     SLACcitation  = "%%CITATION = PHLTA,B452,201;%%"
}

@Article{Voronoi,
     author    = "Voronoi, G.",
     title     = "{Nouvelles applications des paramÃ¨tres continus Ã  la thÃ©orie des formes quadratiques.}",
     journal   = "Journal f{\"u}r die Reine und Angewandte Mathematik",
     volume    = "133",
     year      = "1907",
     pages     = "97-178"
}

@Article{testbeam,
     author = "Aleksa, M. and others",
     title  = "ATLAS Combined Testbeam: Computation and Validation of the Electronic Calibration Constants",
     year   = "2006",
     journal = "ATL-LARG-PUB-2006-003",
     url    = "http://cdsweb.cern.ch/record/942528"
}

@Article{ZeusPhotoprod,
     author    = "Breitweg, J. and others",
 collaboration = "ZEUS",
     title     = "{Measurement of inclusive prompt photon photoproduction at
                  HERA}",
     journal   = "Phys.~Lett.~B",
     volume    = "472",
     year      = "2000",
     pages     = "175-188",
     doi       = "10.1016/S0370-2693(99)01450-1",
     SLACcitation  = "%%CITATION = HEP-EX/9910045;%%"
}
%     eprint    = "hep-ex/9910045",
%     archivePrefix = "arXiv",

@Article{HoneDIS,
     author    = "Aaron, F. D. and others",
     collaboration = "H1",
     title     = "{Measurement of isolated photon production in deep-
                  inelastic scattering at HERA}",
     journal   = "Eur.~Phys.~J.~C",
     volume    = "54",
     year      = "2008",
     pages     = "371-387",
     doi       = "10.1140/epjc/s10052-008-0541-6",
     SLACcitation  = "%%CITATION = 0711.4578;%%"
}
%     eprint    = "0711.4578",
%     archivePrefix = "arXiv",
%     primaryClass  =  "hep-ex",


@Article{CMS_prompt_photons,
     author    = "{CMS Collaboration}",
     title     = "{Measurement of the Isolated Prompt Photon Production Cross
                  Section in pp Collisions at sqrt(s) = 7 TeV}",
     year      = "2010",
     eprint    = "1012.0799",
     archivePrefix = "arXiv",
     primaryClass  =  "hep-ex",
     SLACcitation  = "%%CITATION = 1012.0799;%%"
}

@Article{HDECAY,
    author  = "Djouadi, A. and Kalinowski, J. and Spira, M.",
    title   = "HDECAY: a Program for Higgs Boson Decays in the Standard Model and its Supersymmetric Extension",
    journal = "Comput.~Phys.~Commun.",
    volume  = "108",
    pages   = "56",
    year    = "1998",
    doi = "10.1016/S0010-4655(97)00123-9"
}

@Article{Ryutov:2007zz,
     author    = "Ryutov, D. D.",
     title     = "{Using Plasma Physics to Weigh the Photon}",
     journal   = "Plasma Phys. Control. Fusion",
     volume    = "49",
     year      = "2007",
     pages     = "B429",
     doi       = "http://www.iop.org/EJ/abstract/0741-3335/49/12B/S40",
     SLACcitation  = "%%CITATION = PPCFE,49,B429;%%"
}

@Misc{bombaci, 
  title      = 	 {Jim Bombaci, Daniel Hand High School},
  howpublished = {Private Communication},
  year       = 1999
}

@Misc{wikipedia_voronoi,
  title      = Wikipedia,
  howpublished = {\url{http://en.wikipedia.org/wiki/Voronoi}},
  year       = 2008
}

@book{feynman2000pleasure,
  title={{The pleasure of finding things out: the best short works of Richard P. Feynman}},
  author={Feynman, R.P. and Robbins, J.},
  isbn={9780738203492},
  lccn={99064775},
  series={Helix book},
  year={2000},
  publisher={Perseus Books}
}

@Article{Collins:1989gx,
     author    = "Collins, John C. and Soper, Davison E. and Sterman, George
                  F.",
     title     = "{Factorization of Hard Processes in {QCD}}",
     journal   = "Adv. Ser. Direct. High Energy Phys.",
     volume    = "5",
     year      = "1988",
     pages     = "1-91",
     eprint    = "hep-ph/0409313",
     archivePrefix = "arXiv",
     SLACcitation  = "%%CITATION = HEP-PH/0409313;%%"
}

@article{TRTStraws,
      title          = "{The ATLAS Transition Radiation Tracker (TRT)
                        proportional drift tube: Design and performance}",
      collaboration  = "The ATLAS TRT",
      journal        = "JINST",
      volume         = "3",
      pages          = "P02013",
      doi            = "10.1088/1748-0221/3/02/P02013",
      year           = "2008",
      SLACcitation   = "%%CITATION = JINST,3,P02013;%%",
}

@article{TRTBarrel,
  collaboration="The ATLAS TRT",
      title          = "{The ATLAS TRT barrel detector}",
      journal        = "JINST",
      volume         = "3",
      pages          = "P02014",
      doi            = "10.1088/1748-0221/3/02/P02014",
      year           = "2008",
      SLACcitation   = "%%CITATION = JINST,3,P02014;%%",
}  

@article{trtelec,
      author       = "Abat, E and others",
      title        = "The ATLAS TRT electronics",
      journal      = "J. Instrum.",
      volume       = "3",
      pages        = "P06007",
      year         = "2008",
}

@book{CaloPerfTDR,
collaboration = "ATLAS",
      title        = "ATLAS calorimeter performance: Technical Design Report",
      publisher    = "CERN",
      address      = "Geneva",
      series       = "Technical Design Report ATLAS",
      year         = "1996",
url = "https://cdsweb.cern.ch/record/331059"
}

@article{SCTSensor,
      collaboration  = "ATLAS",
      title          = "{The Silicon microstrip sensors of the ATLAS
                        semiconductor tracker}",
      journal        = "Nucl.Instrum.Meth.",
      volume         = "A578",
      pages          = "98-118",
      doi            = "10.1016/j.nima.2007.04.157",
      year           = "2007",
      SLACcitation   = "%%CITATION = NUIMA,A578,98;%%",
}


@article{SCTEndcap,
      title          = "{The ATLAS semiconductor tracker end-cap module}",
      collaboration  = "ATLAS",
      journal        = "Nucl.Instrum.Meth.",
      volume         = "A575",
      pages          = "353-389",
      doi            = "10.1016/j.nima.2007.02.019",
      year           = "2007",
      SLACcitation   = "%%CITATION = NUIMA,A575,353;%%",
}

@article{SCTBarrel,
collaboration = "ATLAS",
      title          = "{The barrel modules of the ATLAS semiconductor tracker}",
      journal        = "Nucl.Instrum.Meth.",
      volume         = "A568",
      pages          = "642-671",
      doi            = "10.1016/j.nima.2006.08.036",
      year           = "2006",
      reportNumber   = "ATL-COM-INDET-2006-009, ATL-INDET-PUB-2006-005",
      SLACcitation   = "%%CITATION = NUIMA,A568,642;%%",
}



@article{TRTEndcap,
collaboration = "The ATLAS TRT",
      title          = "{The ATLAS TRT end-cap detectors}",
      journal        = "JINST",
      volume         = "3",
      pages          = "P10003",
      doi            = "10.1088/1748-0221/3/10/P10003",
      year           = "2008",
      SLACcitation   = "%%CITATION = JINST,3,P10003;%%",
}


@book{Breskin:1244506,
      author       = "Breskin, Amos and Voss, RÃ¼diger",
      title        = "The CERN Large Hadron Collider: Accelerator and
                      Experiments",
      publisher    = "CERN",
      address      = "Geneva",
      year         = "2009",
}

@Article{ATLAS_Wcrosssection,
     author    = "Aad, Georges and others",
 collaboration = "ATLAS",
     title     = "{Measurement of the production cross section for W-bosons
                  in association with jets in pp collisions at sqrt(s) = 7
                  TeV with the ATLAS detector}",
     journal   = "Phys. Lett.",
     volume    = "B698",
     year      = "2011",
     pages     = "325-345",
     eprint    = "1012.5382",
     archivePrefix = "arXiv",
     primaryClass  =  "hep-ex",
     doi       = "10.1016/j.physletb.2011.03.012",
     SLACcitation  = "%%CITATION = 1012.5382;%%"
}

@Article{energy_scale,
        author        = "The ATLAS Collaboration",
        title         = "Calibrated $Z \rightarrow ee$ Invariant Mass",
        journal       = "ATL-COM-PHYS-2010-734",
        year          = "2010"
}

@Misc{pdf4lhc,
  title = "PDF4LHC recomendation",
  howpublished = {\url{http://www.hep.ucl.ac.uk/pdf4lhc}}
}

@Article{Hocker:1996kb,
     author    = "H{\"o}cker, A. and Kartvelishvili, V.",
     title     = "SVD Approach to Data Unfolding",
     journal   = "Nucl. Instrum. Meth.",
     volume    = "A372",
     year      = "1996",
     pages     = "469-481",
     eprint    = "hep-ph/9509307",
     SLACcitation  = "%%CITATION = HEP-PH 9509307;%%"
}

@techreport{Lampl:1099735,
      author       = "Lampl, W and others",
      title        = "Calorimeter Clustering Algorithms: Description and
                      Performance",
      institution  = "CERN",
      address      = "Geneva",
      number       = "ATL-LARG-PUB-2008-002. ATL-COM-LARG-2008-003",
      month        = "Apr",
      year         = "2008",
}

@article{Glashow1961579,
title = "Partial-symmetries of weak interactions",
journal = "Nuclear Physics",
volume = "22",
number = "4",
pages = "579 - 588",
year = "1961",
note = "",
issn = "0029-5582",
doi = "DOI: 10.1016/0029-5582(61)90469-2",
author = "Sheldon L. Glashow"
}

@article{PhysRevLett.19.1264,
  title = "A Model of Leptons",
  author = "Weinberg, Steven ",
  journal = "Phys. Rev. Lett.",
  volume = "19",
  number = "21",
  pages = "1264 - 1266",
  year = "1967",
  doi = "10.1103/PhysRevLett.19.1264",
  publisher = "American Physical Society",
  numpages = "2",
}
  @Comment month = "Nov",

@Article{PhysRev.185.1975,
  title = {Inelastic Electron-Proton and $\gamma{}$-Proton Scattering and the Structure of the Nucleon},
  author = {Bjorken, J. D. and Paschos, E. A.},
  journal = {Phys. Rev.},
  volume = {185},
  number = {5},
  pages = {1975 - 1982},
  year = {1969},
  doi = {10.1103/PhysRev.185.1975},
  numpages = {7},
  publisher = {American Physical Society}
}
%  month = {Sep},

@Article{Feynman:1969wa,
     author    = "Feynman, R. P.",
     title     = "{The behavior of hadron collisions at extreme energies}",
     note      = "Invited paper at the Third Conference on High-Energy
                  Collisions, Stony Brook, New York, 5-6 Sep 1969",
     SLACcitation  = "%%CITATION = CONFP,C690905,237;%%"
}
@Article{PhysRevLett.30.1343,
  title = {Ultraviolet Behavior of Non-Abelian Gauge Theories},
  author = {Gross, David J. and Wilczek, Frank },
  journal = {Phys. Rev. Lett.},
  volume = {30},
  number = {26},
  pages = {1343--1346},
  numpages = {3},
  year = {1973},
  doi = {10.1103/PhysRevLett.30.1343},
  publisher = {American Physical Society}
}
%  month = {Jun},

@Article{Gribov:1972ri,
     author    = "Gribov, V. N. and Lipatov, L. N.",
     title     = "{Deep inelastic e p scattering in perturbation theory}",
     journal   = "Sov. J. Nucl. Phys.",
     volume    = "15",
     year      = "1972",
     pages     = "438-450",
     SLACcitation  = "%%CITATION = SJNCA,15,438;%%"
}

@Article{Altarelli:1977zs,
     author    = "Altarelli, Guido and Parisi, G.",
     title     = "{Asymptotic Freedom in Parton Language}",
     journal   = "Nucl. Phys.",
     volume    = "B126",
     year      = "1977",
     pages     = "298",
     doi       = "10.1016/0550-3213(77)90384-4",
     SLACcitation  = "%%CITATION = NUPHA,B126,298;%%"
}

@Article{Dokshitzer:1977sg,
     author    = "Dokshitzer, Yuri L.",
     title     = "{Calculation of the Structure Functions for Deep Inelastic
                  Scattering and e+ e- Annihilation by Perturbation Theory in
                  Quantum Chromodynamics}",
     journal   = "Sov. Phys. JETP",
     volume    = "46",
     year      = "1977",
     pages     = "641-653",
     SLACcitation  = "%%CITATION = SPHJA,46,641;%%"
}

@Article{Cacciari:2008gp,
     author    = "Cacciari, Matteo and Salam, Gavin P. and Soyez, Gregory",
     title     = "{The anti-k\_t jet clustering algorithm}",
     journal   = "JHEP",
     volume    = "04",
     year      = "2008",
     pages     = "063",
     eprint    = "0802.1189",
     archivePrefix = "arXiv",
     primaryClass  =  "hep-ph",
     doi       = "10.1088/1126-6708/2008/04/063",
     SLACcitation  = "%%CITATION = 0802.1189;%%"
}

@article{ArkaniHamed1998263,
title = "The hierarchy problem and new dimensions at a millimeter",
journal = "Physics Letters B",
volume = "429",
number = "3-4",
pages = "263 - 272",
year = "1998",
note = "",
issn = "0370-2693",
doi = "DOI: 10.1016/S0370-2693(98)00466-3",
author = "Nima Arkani-Hamed and Savas Dimopoulos and Gia Dvali"
}

@article{barlow_extended,
title = "Extended maximum likelihood",
journal = "Nuclear Instruments and Methods",
volume = "297",
number = "3",
pages = "496 - 506",
year = "1990",
note = "",
issn = "0168-9002",
doi = "DOI: 10.1016/0168-9002(90)91334-8",
author = "Roger Barlow"
}


@Article{PhysRevLett.81.1562,
  title = {Evidence for Oscillation of Atmospheric Neutrinos},
  collaboration = {(Super-Kamiokande Collaboration)},
  author = {Fukuda, Y.  and others},
  journal = {Phys. Rev. Lett.},
  volume = {81},
  number = {8},
  pages = {1562--1567},
  numpages = {5},
  year = {1998},
  doi = {10.1103/PhysRevLett.81.1562},
  publisher = {American Physical Society}
}


@Article{Davis:1964hf,
     author    = "Davis, R.",
     title     = "{Solar neutrinos. II: Experimental}",
     journal   = "Phys. Rev. Lett.",
     volume    = "12",
     year      = "1964",
     pages     = "303-305",
     doi       = "10.1103/PhysRevLett.12.303",
     SLACcitation  = "%%CITATION = PRLTA,12,303;%%"
}


@Article{Ahmad:2001an,
     author    = "Ahmad, Q. R. and others",
 collaboration = "SNO",
     title     = "{Measurement of the charged current interactions produced
                  by B-8  solar neutrinos at the Sudbury Neutrino
                  Observatory}",
     journal   = "Phys. Rev. Lett.",
     volume    = "87",
     year      = "2001",
     pages     = "071301",
     eprint    = "nucl-ex/0106015",
     archivePrefix = "arXiv",
     doi       = "10.1103/PhysRevLett.87.071301",
     SLACcitation  = "%%CITATION = NUCL-EX/0106015;%%"
}

@Article{Cranmer:2000du,
     author    = "Cranmer, Kyle S.",
     title     = "{Kernel estimation in high-energy physics}",
     journal   = "Comput. Phys. Commun.",
     volume    = "136",
     year      = "2001",
     pages     = "198-207",
     eprint    = "hep-ex/0011057",
     archivePrefix = "arXiv",
     doi       = "10.1016/S0010-4655(00)00243-5",
     SLACcitation  = "%%CITATION = HEP-EX/0011057;%%"
}

@Article{Kumar:2007mf,
     author    = "Kumar, Ashish",
     collaboration = "D0",
     title     = "{Measurement of triple differential photon plus jet cross-
                  section by D0}",
     journal   = "J. Phys. Conf. Ser.",
     volume    = "110",
     year      = "2008",
     pages     = "022025",
     eprint    = "0710.0415",
     archivePrefix = "arXiv",
     primaryClass  =  "hep-ex",
     doi       = "10.1088/1742-6596/110/2/022025",
     SLACcitation  = "%%CITATION = 0710.0415;%%"
}

@Article{Frixione:1998jh,
     author    = "Frixione, Stefano",
     title     = "{Isolated photons in perturbative {QCD}}",
     journal   = "Phys. Lett.",
     volume    = "B429",
     year      = "1998",
     pages     = "369-374",
     eprint    = "hep-ph/9801442",
     archivePrefix = "arXiv",
     doi       = "10.1016/S0370-2693(98)00454-7",
     SLACcitation  = "%%CITATION = HEP-PH/9801442;%%"
}

@Article{Binoth:2010ra,
     author    = "Andersen, J. R. and others",
     collaboration = "SM and NLO Multileg Working Group",
     title     = "{The SM and NLO multileg working group: Summary report}",
     year      = "2010",
     eprint    = "1003.1241",
     archivePrefix = "arXiv",
     primaryClass  =  "hep-ph",
     SLACcitation  = "%%CITATION = 1003.1241;%%"
}

@Article{Lipatov:2011eg,
     author    = "Lipatov, A. V. and Malyshev, M. A. and Zotov, N. P.",
     title     = "{Testing for kt-factorization with inclusive prompt photon
                  production at LHC}",
     journal   = "Phys. Lett.",
     volume    = "B699",
     year      = "2011",
     pages     = "93-97",
     eprint    = "1102.1134",
     archivePrefix = "arXiv",
     primaryClass  =  "hep-ph",
     doi       = "10.1016/j.physletb.2011.03.057",
     SLACcitation  = "%%CITATION = 1102.1134;%%"
}



@Article{ACATProc,
author = "Alison,  J",
title  = "Alignment of the ATLAS Inner Detector Tracking System",
number = "ATL-COM-INDET-2009-006",
year   = "2009",
}


@techreport{TRTAlign,
author = "Bocci, A; Hulsbergen, W",
title  =  "TRT Alignment for the SR1 Cosmics and Beyond", 
number = "ATL-INDET-PUB-2007-009",
year   = "2007", 
url    = "http://cdsweb.cern.ch/record/1039585"
}

@Article{CosmicRec,
author= "",
collaboration = "The ATLAS Inner Detector Software Project",  
title = "Inner Detector Track Reconstruction of Cosmic Ray Data 2008",
}

@Article{BSS,
collaboration = "The ATLAS TRT",
title = "The ATLAS TRT Barrel Detector",
journal = "J. Instrum. 3",
year =  "2008",
number = "P02014",
}


@techreport{CSCAlignment,
author = "Alison, J. and Bocci, A. and Brandt, O. and Bruckman des Renstrom, P. and Cooper, B. and Elsing, M. and Escobar, C. and Froidevaux, D. and Golling, T. and Gonzales-Sevilla, S et al.", 
title = "Alignment of the Inner Detector using misaligned CSC data",
number = "ATL-COM-INDET-2008-014",
year = "2009"
}

@techreport{GlobalChi2,
      author         = "BrÃ¼ckman, P. and Hicheur, A. and Haywood, S.J.",
      title          = "{Global chi2 approach to the Alignment of the ATLAS
                        Silicon Tracking Detectors}",
      year           = "2005",
      number   = "ATL-INDET-PUB-2005-002",
      SLACcitation   = "%%CITATION = ATL-INDET-PUB-2005-002 ETC.;%%",
url = "http://cds.cern.ch/record/835270"
}

@techreport{AlignMon,
author = "Alison,  J. and  Beringer, J. and Biesiada, J. and Cooper, B. and Golling, T. and Heinemann, B. and Ji, W. and Stevenson, K. and Standberg, S.", 
title = "Inner Detector Alignment and Performace Monitoring",
number = "ATL-COM-INDET-2009-027",
year = "2009",
}

@techreport{EventPhase,
url = "https://twiki.cern.ch/twiki/bin/view/Atlas/TRTEventPhase?",
}

@techreport{M6,
url = "http://higgs.hep.upenn.edu/~johnda/M6Alignment.html",
}

@techreport{IDResolution,
collaboration = "ATLAS", 
title =  "ATLAS Inner Detector Track Resolution Measured from 2008 Cosmic Ray Data",
number = "In preparation",
}

@techreport{GeoModel,
author = "Boudreau,  J. and Tsulaia, V.",
title = "The GeoModel Toolkit for Detector Description",
number = "Proceedings from Computing in High Energy Physics and Nuclear Physics",
year = "2004", 
place = "Interlaken, Switzerland",
page = "pp.353.",
url = "https://cdsweb.cern.ch/record/865601"
}

@book{SolenoidTDR,
collaboration = "ATLAS",
      title        = "ATLAS central solenoid: Technical Design Report",
      publisher    = "CERN",
      address      = "Geneva",
      series       = "Technical Design Report ATLAS",
      year         = "1997",
url = "https://cdsweb.cern.ch/record/331067"
}

@book{ECToriodTDR,
      title        = "ATLAS end-cap toroids: Technical Design Report",
collaboration  = "ATLAS",
      publisher    = "CERN",
      address      = "Geneva",
      series       = "Technical Design Report ATLAS",
      year         = "1997",
url = "https://cdsweb.cern.ch/record/331066"
}

@book{BarrelToriodTDR,
collaboration ="ATLAS",
      title        = "ATLAS barrel toroid: Technical Design Report",
      publisher    = "CERN",
      address      = "Geneva",
      series       = "Technical Design Report ATLAS",
      year         = "1997",
url =  "https://cdsweb.cern.ch/record/331065"
}


@book{LARTDR,
  collaboration = "ATLAS", 
      title        = "ATLAS liquid-argon calorimeter: Technical Design Report",
      publisher    = "CERN",
      address      = "Geneva",
      series       = "Technical Design Report ATLAS",
      year         = "1996",
url = "https://cdsweb.cern.ch/record/331061"
}


@techreport{GSF,
      title        = "Improved electron reconstruction in ATLAS using the
                      Gaussian Sum Filter-based model for bremsstrahlung",
collaboration  = "ATLAS",
      institution  = "CERN",
      address      = "Geneva",
      number       = "ATLAS-CONF-2012-047",
      month        = "May",
      year         = "2012",
url = "http://cdsweb.cern.ch/record/1449796"
}


@article{SMww1fb,
      title          = "{Measurement of the WW cross section in sqrt(s) = 7 TeV
                        pp collisions with the ATLAS detector and limits on
                        anomalous gauge couplings}",
      collaboration  = "ATLAS",
      journal        = "Phys.Lett.",
      volume         = "B712",
      pages          = "289-308",
      doi            = "10.1016/j.physletb.2012.05.003",
      year           = "2012",
      eprint         = "1203.6232",
      archivePrefix  = "arXiv",
      primaryClass   = "hep-ex",
      reportNumber   = "CERN-PH-EP-2012-060",
      SLACcitation   = "%%CITATION = ARXIV:1203.6232;%%",
}


@article{SMww35pb,
      title          = "{Measurement of the WW cross section in sqrt(s) = 7 TeV
                        pp collisions with ATLAS}",
      collaboration  = "ATLAS",
      journal        = "Phys.Rev.Lett.",
      volume         = "107",
      pages          = "041802",
      doi            = "10.1103/PhysRevLett.107.041802",
      year           = "2011",
      eprint         = "1104.5225",
      archivePrefix  = "arXiv",
      primaryClass   = "hep-ex",
      reportNumber   = "CERN-PH-EP-2011-054",
      SLACcitation   = "%%CITATION = ARXIV:1104.5225;%%",
}

@article{WZxsec,
      title          = "{Measurement of the $W \to \ell\nu$ and $Z/\gamma^* \to
                        \ell\ell$ production cross sections in proton-proton
                        collisions at $\sqrt{s} = 7$ TeV with the ATLAS detector}",
      collaboration  = "ATLAS",
      journal        = "JHEP",
      volume         = "1012",
      pages          = "060",
      doi            = "10.1007/JHEP12(2010)060",
      year           = "2010",
      eprint         = "1010.2130",
      archivePrefix  = "arXiv",
      primaryClass   = "hep-ex",
      reportNumber   = "CERN-PH-EP-2010-037",
      SLACcitation   = "%%CITATION = ARXIV:1010.2130;%%",
}


@article{HiggsCombination,
      title          = "{Observation of a new particle in the search for the
                        Standard Model Higgs boson with the ATLAS detector at the
                        LHC}",
      collaboration  = "ATLAS",
      journal        = "Phys.Lett.",
      volume         = "B716",
      pages          = "1-29",
      doi            = "10.1016/j.physletb.2012.08.020",
      year           = "2012",
      eprint         = "1207.7214",
      archivePrefix  = "arXiv",
      primaryClass   = "hep-ex",
      reportNumber   = "CERN-PH-EP-2012-218",
      SLACcitation   = "%%CITATION = ARXIV:1207.7214;%%",
}

@techreport{Hww2012,
      title        = "Observation of an Excess of Events in the Search for the
                      Standard Model Higgs Boson in the $H\to WW^{(\ast)}\to
                      \ell\nu\ell\nu$ Channel with the ATLAS Detector",
      collaboration  = "ATLAS",
      institution  = "CERN",
      address      = "Geneva",
      number       = "ATLAS-CONF-2012-098",
      month        = "Jul",
      year         = "2012",
url = "https://cdsweb.cern.ch/record/1462530"
}

@article{Hww2011,
      title          = "{Search for the Standard Model Higgs boson in the $H \to$
                        WW(*) $\to \ell \nu \ell \nu$ decay mode with 4.7 /fb of
                        ATLAS data at $\sqrt{s}=7$ TeV}",
      collaboration  = "ATLAS",
      journal        = "Phys.Lett.",
      volume         = "B716",
      pages          = "62-81",
      doi            = "10.1016/j.physletb.2012.08.010",
      year           = "2012",
      eprint         = "1206.0756",
      archivePrefix  = "arXiv",
      primaryClass   = "hep-ex",
      reportNumber   = "CERN-PH-EP-2012-126",
      SLACcitation   = "%%CITATION = ARXIV:1206.0756;%%",
}


@article{Hww20112fb,
      title          = "{Search for the Higgs boson in the \Hwwlnln\
                        decay channel in pp collisions at sqrt{s} = 7 TeV with the
                        ATLAS detector}",
      collaboration  = "ATLAS",
      journal        = "Phys.Rev.Lett.",
      volume         = "108",
      pages          = "111802",
      doi            = "10.1103/PhysRevLett.108.111802",
      year           = "2012",
      eprint         = "1112.2577",
      archivePrefix  = "arXiv",
      primaryClass   = "hep-ex",
      reportNumber   = "CERN-PH-EP-2011-190",
      SLACcitation   = "%%CITATION = ARXIV:1112.2577;%%",
}

@article{EgammaPaper,
      title          = "{Electron performance measurements with the ATLAS
                        detector using the 2010 LHC proton-proton collision data}",
      collaboration  = "ATLAS",
      journal        = "Eur.Phys.J.",
      volume         = "C72",
      pages          = "1909",
      doi            = "10.1140/epjc/s10052-012-1909-1",
      year           = "2012",
      eprint         = "1110.3174",
      archivePrefix  = "arXiv",
      primaryClass   = "hep-ex",
      reportNumber   = "CERN-PH-EP-2011-117",
      SLACcitation   = "%%CITATION = ARXIV:1110.3174;%%",
}



@techreport{IDAlignment2010,
      title        = "Alignment of the ATLAS Inner Detector Tracking System
                      with 2010 LHC proton-proton collisions at $sqrt{s}$ = 7 TeV",
      collaboration  = "ATLAS",
      institution  = "CERN",
      address      = "Geneva",
      number       = "ATLAS-CONF-2011-012",
      month        = "Mar",
      year         = "2011",
}


@techreport{IDAlignmentSystematics,
      title        = "Study of alignment-related systematic effects on the ATLAS
                      Inner Detector tracking",
      collaboration  = "ATLAS",
      institution  = "CERN",
      address      = "Geneva",
      number       = "ATLAS-CONF-2012-141",
      month        = "Oct",
      year         = "2012",
}

@techreport{IDSurvey,
      author         = "Golling, T.",
      title          = "{Alignment of the silicon tracking detector using survey
                        constraints}",
      year           = "2006",
      number   = "ATL-INDET-2006-001",
      SLACcitation   = "%%CITATION = ATL-INDET-2006-001 ETC.;%%",
url = "https://cdsweb.cern.ch/record/941076"
}

@article {ATLASPerform900GeV,
collaboration = "ATLAS",
   affiliation = {Albert-Ludwigs-UniversitÃ¤t, FakultÃ¤t fÃ¼r Mathematik und Physik, Hermann-Herder Str. 3, D - 79104 Freiburg i.Br., Germany},
   title = {Performance of the ATLAS detector using first collision data},
   journal = {Journal of High Energy Physics},
   publisher = {Springer Berlin / Heidelberg},
   issn = {1029-8479},
   keyword = {Physics and Astronomy},
   pages = {1-66},
   volume = {2010},
   issue = {9},
   url = {http://dx.doi.org/10.1007/JHEP09(2010)056},
   note = {10.1007/JHEP09(2010)056},
   year = {2010}
}

@article{IDCommissioning,
collaboration = "ATLAS",
   affiliation = {CERN, 1211 Geneva 23, Switzerland},
   title = {The ATLAS Inner Detector commissioning and calibration},
   journal = {The European Physical Journal C - Particles and Fields},
   publisher = {Springer Berlin / Heidelberg},
   issn = {1434-6044},
   keyword = {Physics and Astronomy},
   pages = {787-821},
   volume = {70},
   issue = {3},
   url = {http://dx.doi.org/10.1140/epjc/s10052-010-1366-7},
   note = {10.1140/epjc/s10052-010-1366-7},
   year = {2010}
}

@techreport{ImpactOfMisalignments,
      title        = "The Impact of Inner Detector Misalignments on Selected
                      Physics",
collaboration = "ATLAS",
      institution  = "CERN",
      address      = "Geneva",
      number       = "ATL-PHYS-PUB-2009-080. ATL-COM-PHYS-2009-281",
      month        = "May",
      year         = "2009",
url = "https://cdsweb.cern.ch/record/1178860"
}

@book{NumericalRecipes,
  title={Numerical Recipes 3rd Edition: The Art of Scientific Computing},
  author={Press, W.H. and Teukolsky, S.A. and Vetterling, W.T. and Flannery, B.P.},
  isbn={9780521880688},
  lccn={89015841},
  series={Numerical Recipes: The Art of Scientific Computing},
  url={http://books.google.com/books?id=DyykEZo4fwUC},
  year={2007},
  publisher={Cambridge University Press}
}


@techreport{TRTPID,
      title        = "Particle Identification Performance of the ATLAS Transition
                      Radiation Tracker",
      institution  = "CERN",
collaboration = "ATLAS", 
     address      = "Geneva",
      number       = "ATLAS-CONF-2011-128",
      month        = "Sep",
      year         = "2011",
url = "http://cdsweb.cern.ch/record/1383793"
}

@techreport{TRTCalib,
      title        = "Calibration of the ATLAS Transition Radiation Tracker",
collaboration = "ATLAS",
      institution  = "CERN",
      address      = "Geneva",
      number       = "ATLAS-CONF-2011-006",
      month        = "Feb",
      year         = "2011",
url = "http://cdsweb.cern.ch/record/1330712"
}

@Misc{Stahlman,
author = "Jonathan Stahlman",
   note = "jonathan.mark.stahlman@cern.ch",
howpublished = "Plots from internal ATLAS presentation"
}

@Misc{Hurwitz,
author = "Martina Hurwitz",
   howpublished = "Plots from internal ATLAS presentation",
note = "Martina.Hurwitz@cern.ch"
}

@Misc{Brendlinger,
author = "Kurt Brendlinger",
   howpublished = "Plots from internal ATLAS presentation",
note = "Kurt.Brendlinger@cern.ch"
}

@Misc{Saxon,
author = "Jamie Saxon",
   howpublished = "Private Communication",
note = "james.saxon@cern.ch"
}


@techreport{ExpectedElectronPerf,
      title        = "Expected electron performance in the ATLAS experiment",
collaboration = "ATLAS",
      institution  = "CERN",
      address      = "Geneva",
      number       = "ATL-PHYS-PUB-2011-006",
      month        = "Apr",
      year         = "2011",
url = "http://cdsweb.cern.ch/record/1345327",
}


@article{InclusiveElectron,
      title          = "{Measurements of the electron and muon inclusive
                        cross-sections in proton-proton collisions at $\sqrt{s}=7$
                        TeV with the ATLAS detector}",
      collaboration  = "ATLAS",
      journal        = "Phys.Lett.",
      volume         = "B707",
      pages          = "438-458",
      doi            = "10.1016/j.physletb.2011.12.054",
      year           = "2012",
      eprint         = "1109.0525",
      archivePrefix  = "arXiv",
      primaryClass   = "hep-ex",
      reportNumber   = "CERN-PH-EP-2011-108",
      SLACcitation   = "%%CITATION = ARXIV:1109.0525;%%",
}

@techreport{TRTPIDCONF,
      title        = "Particle Identification Performance of the ATLAS Transition
                      Radiation Tracker",
collaboration = "ATLAS",
      institution  = "CERN",
      address      = "Geneva",
      number       = "ATLAS-CONF-2011-128",
      month        = "Sep",
      year         = "2011",
url = "http://cdsweb.cern.ch/record/1383793"
}

@Article{TMVA,
author  = "Hoecker, Andreas and Speckmayer, Peter and Stelzer, Joerg and Therhaag, Jan and von Toerne, Eckhard and Voss, Helge",
title =  "{TMVA: Toolkit for Multivariate Data Analysis}", 
journal = "PoS", 
volume =  "ACAT",
eprint =  "physics/0703039", 
archivePrefix =  "arXiv", 
}

@Article{Harlander2002,
     author    = "Harlander, Robert V. and Kilgore, William B.",
     title     = "{Next-to-Next-to-Leading Order Higgs Production at Hadron Colliders}",
     journal   = "Phys. Rev. Lett.",
     volume    = "88",
     year      = "2002",
     pages     = "201801",
url = "http://prl.aps.org/abstract/PRL/v88/i20/e201801"
}

@Article{Anastasiou2002,
     author    = "Anastasiou, Charalampos and Melnikov, Kirill",
     title     = "{Higgs boson production at hadron colliders in NNLO QCD}",
     journal   = "Nucl. Phys.",
     volume    = "B646",
     year      = "2002",
     pages     = "220",
     doi       = "10.1016/S0550-3213(02)00837-4"
}

@Article{Ravindran2003,
     author    = "Ravindran, V. and Smith, J. and van Neerven, W. L.",
     title     = "{NNLO corrections to the total cross section for Higgs
                  boson production  in hadron-hadron collisions}",
     journal   = "Nucl. Phys.",
     volume    = "B665",
     year      = "2003",
     pages     = "325",
     doi       = "10.1016/S0550-3213(03)00457-7",
}
     %eprint    = "hep-ph/0302135",
     %archivePrefix = "~arxiv",
%     SLACcitation  = "%%CITATION = HEP-PH/0302135;%%"

@Article{Catani:2003zt,
     author    = "S.~Catani and D.~de Florian and M.~Grazzini and P.~Nason",
     title     = "{Soft-gluon resummation for Higgs boson production at
                  hadron colliders}",
     journal   = "JHEP",
     volume    = "0307",
     year      = "2003",
     pages     = "028",
     doi       = "10.1088/1126-6708/2003/07/028"
}
%     eprint    = "hep-ph/0306211",
%     archivePrefix = "arXiv",
%     SLACcitation  = "%%CITATION = HEP-PH/0306211;%%",

@Article{Anastasiou:2008tj,
     author    = "{C.~Anastasiou, R.~Boughezal, and F.~Petriello}",
     title     = "{Mixed QCD-electroweak corrections to Higgs boson
                  production in gluon fusion}",
     journal   = "JHEP",
     volume    = "0904",
     year      = "2009",
     pages     = "003",
     eprint    = "0811.3458",
     archivePrefix = "arXiv",
     primaryClass  =  "hep-ph",
     doi       = "10.1088/1126-6708/2009/04/003",
     SLACcitation  = "%%CITATION = 0811.3458;%%"
}

@Article{deFlorian:2009hc,
     author    = "D.~de Florian and M.~Grazzini",
     title     = "{Higgs production through gluon fusion: Updated cross
                  sections at the Tevatron and the LHC}",
     journal   = "PLB",
     volume    = 674,
     year      = 2009,
     pages     = 291,
     eprint    = "0901.2427",
     archivePrefix = "arXiv",
     primaryClass  =  "hep-ph",
     doi       = "10.1016/j.physletb.2009.03.033",
     SLACcitation  = "%%CITATION = 0901.2427;%%"
}

@Article{Actis:2008ug,
 author  = "Actis, Stefano and Passarino, Giampiero and Sturm, Christian and Uccirati, Sandro",
 title   = "{NLO electroweak corrections to Higgs boson production at hadron colliders}",
 journal = "Phys.~Lett.~B",
 volume  = 670,
 year    = 2008,
 pages   = 12,
 doi     = "10.1016/j.physletb.2008.10.018"
}
% eprint  = "0809.1301",
% archivePrefix = "arXiv",
% primaryClass = "hep-ph",
% SLACcitation = "%%CITATION = 0809.1301;%%"

@Article{Aglietti:2004nj,
     author    = "Aglietti, U. and Bonciani, R. and Degrassi, G. and Vicini,
                  A.",
     title     = "{Two-loop light fermion contribution to Higgs production
                  and decays}",
     journal   = "Phys.~Lett.",
     volume    = "B 595",
     year      = "2004",
     pages     = "432",
     doi       = "10.1016/j.physletb.2004.06.063",
}
%     eprint    = "hep-ph/0404071",
%     archivePrefix = "arXiv",
%     SLACcitation  = "%%CITATION = HEP-PH/0404071;%%"

@Article{Ciccolini:2007jr,
     author    = "Ciccolini, M. and Denner, Ansgar and Dittmaier, S.",
     title     = "{Strong and electroweak corrections to the production of
                  Higgs + 2 jets via weak interactions at the Large Hadron Collider}",
     journal   = "Phys. Rev. Lett.",
     volume    = "99",
     year      = "2007",
     pages     = "161803",
     doi       = "10.1103/PhysRevLett.99.161803",
}
%     eprint    = "0707.0381",
%     archivePrefix = "arXiv",
%     primaryClass  =  "hep-ph",
%     SLACcitation  = "%%CITATION = 0707.0381;%%"


%       eprint         = "1003.4451",
%       archivePrefix  = "arXiv",
%       primaryClass   = "hep-ph"

@Article{Ciccolini:2007ec,
     author    = "Ciccolini, Mariano and Denner, Ansgar and Dittmaier, Stefan
                  ",
     title     = "{Electroweak and QCD corrections to Higgs production via
                  vector-boson fusion at the Large Hadron Collider}",
     journal   = "Phys.~Rev.",
     volume    = "D77",
     year      = "2008",
     pages     = "013002",
     doi       = "10.1103/PhysRevD.77.013002",
}
%     eprint    = "0710.4749",
%     archivePrefix = "arXiv",
%     primaryClass  =  "hep-ph",
%     SLACcitation  = "%%CITATION = 0710.4749;%%"

@article{FrixioneWebber,
  author={Stefano Frixione and Bryan R. Webber},
  title={Matching NLO QCD computations and parton shower simulations},
  journal={Journal of High Energy Physics},
  volume={2002},
  number={06},
  pages={029},
  url={http://stacks.iop.org/1126-6708/2002/i=06/a=029},
  year={2002},
}

@article{Binoth:2006mf,
      author         = "Binoth, T. and Ciccolini, M. and Kauer, N. and Kramer,
                        M.",
      title          = "{Gluon-induced W-boson pair production at the LHC}",
      journal        = "JHEP",
      volume         = "0612",
      pages          = "046",
      doi            = "10.1088/1126-6708/2006/12/046",
      year           = "2006",
      eprint         = "hep-ph/0611170",
      archivePrefix  = "arXiv",
      primaryClass   = "hep-ph",
      reportNumber   = "EDINBURGH-2006-23, PITHA-06-12, PSI-PR-06-13",
      SLACcitation   = "%%CITATION = HEP-PH/0611170;%%",
}

@article{WW1fb,
      title          = "{Measurement of the $W W$ cross section in $\sqrt{s}=7$
                        TeV $pp$ collisions with the ATLAS detector and limits on
                        anomalous gauge couplings}",
      collaboration  = "ATLAS",
      journal        = "Phys.Lett.",
      volume         = "B712",
      pages          = "289-308",
      doi            = "10.1016/j.physletb.2012.05.003",
      year           = "2012",
      eprint         = "1203.6232",
      archivePrefix  = "arXiv",
      primaryClass   = "hep-ex",
      reportNumber   = "CERN-PH-EP-2012-060",
      SLACcitation   = "%%CITATION = ARXIV:1203.6232;%%",
}

@techreport{Hww17fb,
collaboration = "ATLAS",
      title        = "Search for the Standard Model Higgs boson in the
                      H$\ra$WW$\ra$llnunu decay mode using 1.7 fb-1 of data
                      collected with the ATLAS detector at sqrt(s)=7 TeV",
      institution  = "CERN",
      address      = "Geneva",
      number       = "ATLAS-CONF-2011-134",
      month        = "Sep",
      year         = "2011",
url = "https://cdsweb.cern.ch/record/1383837"
}

@article{Hww2fb,
      title          = "{Search for the Higgs boson in the \Hwwlnln\ decay channel in $pp$ collisions at
                        $\sqrt{s}=7$ TeV with the ATLAS detector}",
      collaboration  = "ATLAS",
      journal        = "Phys.Rev.Lett.",
      volume         = "108",
      pages          = "111802",
      doi            = "10.1103/PhysRevLett.108.111802",
      year           = "2012",
      eprint         = "1112.2577",
      archivePrefix  = "arXiv",
      primaryClass   = "hep-ex",
      reportNumber   = "CERN-PH-EP-2011-190",
      SLACcitation   = "%%CITATION = ARXIV:1112.2577;%%",
}

@article{Hww5fb,
      title          = "{Search for the Standard Model Higgs boson in the $H \to$
                        WW(*) $\to \ell \nu \ell \nu$ decay mode with 4.7 /fb of
                        ATLAS data at $\sqrt{s}=7$ TeV}",
      collaboration  = "ATLAS",
      journal        = "Phys.Lett.",
      volume         = "B716",
      pages          = "62-81",
      doi            = "10.1016/j.physletb.2012.08.010",
      year           = "2012",
      eprint         = "1206.0756",
      archivePrefix  = "arXiv",
      primaryClass   = "hep-ex",
      reportNumber   = "CERN-PH-EP-2012-126",
      SLACcitation   = "%%CITATION = ARXIV:1206.0756;%%",
}

@article{Mellado:2011pc,
      author         = "Mellado, Bruce and Ruan, Xifeng and Zhang, Zhiqing",
      title          = "{Extraction of Top Backgrounds in the Higgs Boson Search
                        with the $H\rightarrow WW^{\star}\rightarrow\ell\ell+\met$
                        Decay with a Full-Jet Veto at the LHC}",
      journal        = "Phys.Rev.",
      volume         = "D84",
      pages          = "096005",
      doi            = "10.1103/PhysRevD.84.096005",
      year           = "2011",
      eprint         = "1101.1383",
      archivePrefix  = "arXiv",
      primaryClass   = "hep-ph",
      SLACcitation   = "%%CITATION = ARXIV:1101.1383;%%",
}

@article{MTBarr:2009mx,
      author         = "Barr, Alan J. and Gripaios, Ben and Lester, Christopher
                        Gorham",
      title          = "{Measuring the Higgs boson mass in dileptonic W-boson
                        decays at hadron colliders}",
      journal        = "JHEP",
      volume         = "0907",
      pages          = "072",
      doi            = "10.1088/1126-6708/2009/07/072",
      year           = "2009",
      eprint         = "0902.4864",
      archivePrefix  = "arXiv",
      primaryClass   = "hep-ph",
      reportNumber   = "CAVENDISH-HEP-09-04",
      SLACcitation   = "%%CITATION = ARXIV:0902.4864;%%",
}

@techreport{InclusiveMuon,
collaboration = "ATLAS",
      title        = "Extraction of the prompt muon component in inclusive muons
                      produced at $\sqrt{s}$ = 7 TeV",
      institution  = "CERN",
      address      = "Geneva",
      number       = "ATLAS-CONF-2010-075",
      month        = "Jul",
      year         = "2010",
url = "http://cdsweb.cern.ch/record/1281366"
}


@article{AtlasWb,
      author         = "Aad, Georges and others",
      title          = "{Measurement of the cross section for the production of a
                        $W$ boson in association with $b^-$ jets in $pp$
                        collisions at $\sqrt{s}=7$ TeV with the ATLAS detector}",
      collaboration  = "ATLAS Collaboration",
      journal        = "Phys.Lett.",
      volume         = "B707",
      pages          = "418-437",
      doi            = "10.1016/j.physletb.2011.12.046",
      year           = "2012",
      eprint         = "1109.1470",
      archivePrefix  = "arXiv",
      primaryClass   = "hep-ex",
      reportNumber   = "CERN-PH-EP-2011-132",
      SLACcitation   = "%%CITATION = ARXIV:1109.1470;%%",
}


@techreport{InclusiveBJets,
      collaboration = "ATLAS",
      title        = "Measurement of the inclusive and dijet cross section of  b-jets in pp collisions at $\sqrt{s}=7$ TeV with the ATLAS detector",
      institution  = "CERN",
      address      = "Geneva",
      number       = "ATLAS-CONF-2011-056",
      month        = "Apr",
      year         = "2011",
      url = "http://cdsweb.cern.ch/record/1342571"
}


@article {Jager:hep-ph0603177,
author="Barbara Jager and Carlo Oleari and Dieter Zeppenfeld",
title="{Next-to-leading order QCD corrections to W+W- production via vector-boson fusion}",
year="2006",
eprint="hep-ph/0603177",
doi=""
}

@article{Arnold:2011wj,
      author         = "Arnold, K. and Bellm, J. and Bozzi, G. and Brieg, M. and
                        Campanario, F. and others",
      title          = "{VBFNLO: A parton level Monte Carlo for processes with
                        electroweak bosons -- Manual for Version 2.5.0}",
      year           = "2011",
      eprint         = "1107.4038",
      archivePrefix  = "arXiv",
      primaryClass   = "hep-ph",
}

@article{Arnold:2008rz,
      author         = "Arnold, K. and Bahr, M. and Bozzi, Giuseppe and
                        Campanario, F. and Englert, C. and others",
      title          = "{VBFNLO: A Parton level Monte Carlo for processes with
                        electroweak bosons}",
      journal        = "Comput.Phys.Commun.",
      volume         = "180",
      pages          = "1661-1670",
      doi            = "10.1016/j.cpc.2009.03.006",
      year           = "2009",
      eprint         = "0811.4559",
      archivePrefix  = "arXiv",
      primaryClass   = "hep-ph",
}

@article{WandZCrossSecs,
      title          = "{Measurement of the inclusive $W^\pm$ and Z/gamma cross
                        sections in the electron and muon decay channels in $pp$
                        collisions at $\sqrt{s}=7$ TeV with the ATLAS detector}",
      collaboration  = "ATLAS",
      journal        = "Phys.Rev.",
      volume         = "D85",
      pages          = "072004",
      doi            = "10.1103/PhysRevD.85.072004",
      year           = "2012",
      eprint         = "1109.5141",
      archivePrefix  = "arXiv",
      primaryClass   = "hep-ex",
      reportNumber   = "CERN-PH-EP-2011-143",
      SLACcitation   = "%%CITATION = ARXIV:1109.5141;%%",
}

@techreport{Luminosity2011,
collaboration = "ATLAS",
      title        = "Luminosity Determination in pp Collisions at sqrt(s) = 7
                      TeV using the ATLAS Detector in 2011",
      institution  = "CERN",
      address      = "Geneva",
      number       = "ATLAS-CONF-2011-116",
      month        = "Aug",
      year         = "2011",
url = "https://cdsweb.cern.ch/record/1376384"
}

@article{alpgen, 
     author    = "Mangano, Michelangelo L. and others",
     title     = "{ALPGEN, a generator for hard multiparton processes in hadronic  collisions}",
     journal   = "JHEP",
     volume    = "07",
     year      = "2003",
     pages     = "001",
     doi ="10.1088/1126-6708/2003/07/001",
}

@Article{mcatnlo,
     author    = "Frixione, Stefano and Webber, Bryan R.",
     title     = "{Matching NLO QCD computations and parton shower
                  simulations}",
     journal   = "JHEP",
     volume    = "06",
     year      = "2002",
     pages     = "029",
     doi       = "10.1088/1126-6708/2002/06/029",
}

@Article{AcerMC,
     author    = "{B.~P.~Kersevan and E.~Richter-Was}",
     title     = "{The Monte Carlo event generator AcerMC version 2.0 with
                  interfaces to  PYTHIA 6.2 and HERWIG 6.5}",
     eprint    = "hep-ph/0405247",
     archivePrefix = "arXiv",
     year      = "2004",
     SLACcitation  = "%%CITATION = HEP-PH/0405247;%%"
}


@article{antikt,
      author         = "Cacciari, Matteo and Salam, Gavin P. and Soyez, Gregory",
      title          = "{The Anti-k(t) jet clustering algorithm}",
      journal        = "JHEP",
      volume         = "0804",
      pages          = "063",
      doi            = "10.1088/1126-6708/2008/04/063",
      year           = "2008",
      eprint         = "0802.1189",
      archivePrefix  = "arXiv",
      primaryClass   = "hep-ph",
      reportNumber   = "LPTHE-07-03",
      SLACcitation   = "%%CITATION = ARXIV:0802.1189;%%",
}

% new mcfm
@Article{mcfm,
     author    = "Campbell, John M. and Ellis, R. Keith and Williams, Ciaran
                  ",
     title     = "{Vector boson pair production at the LHC}",
     journal   = "JHEP",
     volume    = "07",
     year      = "2011",
     pages     = "018",
     eprint    = "1105.0020",
     archivePrefix = "arXiv",
     primaryClass  =  "hep-ph",
     REMOVEdoi       = "10.1007/JHEP07(2011)018",
     SLACcitation  = "%%CITATION = 1105.0020;%%"
}

@article{HiggsCombination2011,
      title          = "{Combined search for the Standard Model Higgs boson in
                        $pp$ collisions at $\sqrt{s} = 7$ TeV with the ATLAS
                        detector}",
      collaboration  = "ATLAS",
      journal        = "Phys.Rev.",
      volume         = "D86",
      pages          = "032003",
      doi            = "10.1103/PhysRevD.86.032003",
      year           = "2012",
      eprint         = "1207.0319",
      archivePrefix  = "arXiv",
      primaryClass   = "hep-ex",
      reportNumber   = "CERN-PH-EP-2012-167",
      SLACcitation   = "%%CITATION = ARXIV:1207.0319;%%",
}

@Article{Djouadi:1997yw,
     author    = "Djouadi, A. and Kalinowski, J. and Spira, M.",
     title     = "{HDECAY: A program for Higgs boson decays in the standard model and its  supersymmetric extension}",
     journal       = "Comput. Phys. Commun.",
     volume        = "108",
     year          = "1998",
     pages         = "56",
     doi     = "10.1016/S0010-4655(97)00123-9"
}

@article{CollApp,                                                                                                                                        
    author      = {{R.K.~Ellis et al.}},
    title       = {{Higgs decay to $\tau^{+}\tau^{-}$: A possible signature of intermediate mass Higgs bosons at the SSC}},
    journal     = "Nucl. Phys.",
    volume      = "B297",
    pages       = 221,
    year        = 1988,
    doi         = "10.1016/0550-3213(88)90019-3",
}

@Article{Stewart:2011cf,
   author    = "I.~Stewart and F.~Tackmann",
   title         = "{Theory uncertainties for Higgs mass and other searches using jet bins}",
   journal       = "Phys. Rev.",
     volume       = "D85",
     year          = "2012",
     pages        = "034011",
     doi           = "10.1103/PhysRevD.85.034011",
}

@article{LHC-HCG,
        author = "{ATLAS and CMS Collaborations}",
        title = "{Procedure for the LHC Higgs boson search combination in Summer 2011}",
        Journal = {ATL-PHYS-PUB-2011-011, CERN-CMS-NOTE-2011-005},
        year = "2011",
        url = "http://cdsweb.cern.ch/record/1375842"
}

@article{Lai:2010vv,
    author      = "H.-L.~Lai and others", 
    title       = "New parton distributions for collider physics", 
    journal     = "Phys. Rev.",
    volume      = "D82",
    year        = 2010, 
    pages       = 074024, 
    doi         = "10.1103/PhysRevD.82.074024",
}


@article{Alekhin:2011sk,
      author         = "Alekhin, Sergey and Alioli, Simone and Ball, Richard D.
                        and Bertone, Valerio and Blumlein, Johannes and others",
      title          = "{The PDF4LHC Working Group Interim Report}",
      year           = "2011",
      eprint         = "1101.0536",
      archivePrefix  = "arXiv",
      primaryClass   = "hep-ph",
      SLACcitation   = "%%CITATION = ARXIV:1101.0536;%%",
}

@article{Martin:2009iq,
      author         = "Martin, A.D. and Stirling, W.J. and Thorne, R.S. and
                        Watt, G.",
      title          = "{Parton distributions for the LHC}",
      journal        = "Eur.Phys.J.",
      volume         = "C63",
      pages          = "189",
      doi            = "10.1140/epjc/s10052-009-1072-5",
      year           = "2009",
      SLACcitation   = "%%CITATION = ARXIV:0901.0002;%%",
}

@article{Ball:2011mu,
    author      = "R.~D.~Ball and V.~Bertone and F.~Cerutti and L.~Del~Debbio and S.~Forte and others", 
    title       = "{Impact of heavy quark masses on parton distributions and LHC phenomenology}", 
    journal     = "Nucl. Phys.",
    volume      = "B849",
    year        = 2011,
    pages       = 296,
    doi         = "10.1016/j.nuclphysb.2011.03.021",
    eprint      = "1101.1300",
    archivePrefix = "arXiv",
    primaryClass  = "hep-ph",
}

@article{JES,
      title          = "{Jet energy measurement with the ATLAS detector in proton-proton collisions at $\sqrt{s} = 7$~TeV}",
      collaboration  = "ATLAS",
      year           = "2011",
      eprint         = "1112.6426",
      archivePrefix  = "arXiv",
      primaryClass   = "hep-ex",
      reportNumber   = "CERN-PH-EP-2011-191",
      journal        = "submitted to Eur.~Phys.~J.~{\bf C}"
}

@Article{Read:2002hq,
     author    = "Read, Alexander L.",
     title     = "{Presentation of search results: The CL$_{s}$ technique}",
     journal   = "J. Phys.",
     volume    = "G28",
     year      = "2002",
     pages     = "2693",
     doi       = "10.1088/0954-3899/28/10/313",
}

@Article{Cowan:2010st,
     author    = "{G. Cowan, K. Cranmer, E. Gross, and O. Vitells}",
     title     = "Asymptotic formulae for likelihood-based tests of new physics",
     year      = "2011",
     journal   = "Eur. Phys. J.",
     volume    = "C71",
      pages          = "1554",
      doi            = "10.1140/epjc/s10052-011-1554-0",
}

@article{Baglio:2010ae,
      author         = "Baglio, Julien and Djouadi, Abdelhak",
      title          = "{Higgs production at the LHC}",
      journal        = "JHEP",
      year           = "2011",
      volume         = "03",
      pages          = "055",
      doi            = "10.1007/JHEP03(2011)055"
}

@Article{Bozzi:2005wk,
     author    = "Bozzi, Giuseppe and Catani, Stefano and de Florian, Daniel
                  and Grazzini, Massimiliano",
     title     = "{Transverse-momentum resummation and the spectrum of the
                  Higgs boson at the LHC}",
     journal   = "Nucl. Phys.",
     volume    = "B~737",
     year      = "2006",
     pages     = "73",
     doi       = "10.1016/j.nuclphysb.2005.12.022",
}

@Article{Bolzoni:2010xr,
       author          = "{P.~Bolzoni, F.~Maltoni, S.-O.~Moch, and M.~Zaro}",
       title           = "{Higgs boson production via vector-boson fusion at next-to-next-to-leading order in QCD}",
       journal         = PRL,
       volume         = 105,
       pages          = 011801,
       doi            = "10.1103/PhysRevLett.105.011801",
       year           = 2010
}

@article{Hgg2012,
     collaboration = "{ATLAS}",
     title        = "Observation of an excess of events in the search for the
                      Standard Model Higgs boson in the gamma-gamma channel with
                      the ATLAS detector",
      institution  = "CERN",
      address      = "Geneva",
      journal      = "ATLAS-CONF-2012-091",
      year         = "2012",
      url = "http://cdsweb.cern.ch/record/1460410"
}

@article{Hzz2012,
      collaboration       = "{ATLAS}",
      title        = "Observation of an excess of events in the search for the
                      Standard Model Higgs boson in the $H\rightarrow
                      ZZ^{(*)}\rightarrow 4\ell$ channel with the ATLAS detector",
      institution  = "CERN",
      address      = "Geneva",
      journal      = "ATLAS-CONF-2012-092",
      year         = "2012",
      url = "http://cdsweb.cern.ch/record/1460411"
}


@article{Hllnn2011,
     collaboration = "{ATLAS}",
     title          = "{Search for a Standard Model Higgs boson in the $H\to ZZ\to ll\nu\nu$ decay channel using 4.7 fb$^{-1}$ of $\sqrt{s}$ =
                        7 TeV data with the ATLAS detector}",
      year           = "2012",
      eprint         = "1205.6744",
      archivePrefix  = "arXiv",
      journal = "submitted to Phys.~Lett.~{\bf B}",
      primaryClass   = "hep-ex",
      reportNumber   = "CERN-PH-EP-2012-120",
      SLACcitation   = "%%CITATION = ARXIV:1205.6744;%%",
}

@article{Hllqq2011,
      collaboration  = "{ATLAS}",
      title          = "{Search for a Standard Model Higgs boson in the mass
                        range 200-600 GeV in the $H\to ZZ\to llqq$ decay channel}",
      year           = "2012",
      eprint         = "1206.2443",
      journal = "submitted to Phys.~Lett.~{\bf B}",
      archivePrefix  = "arXiv",
      primaryClass   = "hep-ex",
      reportNumber   = "CERN-PH-EP-2012-125"
}

@article{Hlnqq2011,
      title          = "{Search for the Higgs boson in the $H\rightarrow WW\rightarrow l{\nu}jj$
                        decay channel at $\sqrt{s} = 7$~TeV with the ATLAS detector}",
      collaboration  = "ATLAS",
      year           = "2012",
      eprint         = "1206.6074",
      archivePrefix  = "arXiv",
      journal        = "submitted to Phys.~Lett.~{\bf B}",
      primaryClass   = "hep-ex",
      reportNumber   = "CERN-PH-EP-2012-162, FERMILAB-PUB-12-320-E"
}

@article{Htautau2011,
      title          = "{Search for the Standard Model Higgs boson in the $H\rightarrow
                        \tau^+\tau^-$ decay mode in $\sqrt{s}=7$~TeV pp collisions with
                        ATLAS}",
      collaboration  = "ATLAS",
      year           = "2012",
      eprint         = "1206.5971",
      archivePrefix  = "arXiv",
      journal        = "submitted to JHEP",
      primaryClass   = "hep-ex",
      reportNumber   = "CERN-PH-EP-2012-140, FERMILAB-PUB-12-321-E"
}

@article{Hbb2011,
      title          = "{Search for the Standard Model Higgs boson produced in
                        association with a vector boson and decaying to a b-quark
                        pair with the ATLAS detector}",
      collaboration  = "ATLAS",
      year           = "2012",
      eprint         = "1207.0210",
      archivePrefix  = "arXiv",
      journal           = "submitted to Phys.~Lett.~{\bf B}",
      primaryClass   = "hep-ex",
      reportNumber   = "CERN-PH-EP-2012-138"
}

@article{landau1948,
      author = "L. D. Landau",
      title = "The moment of a 2-photon system",
      journal = "Dokl.\ Akad.\ Nawk.",
      volume = "USSR 60",
      pages = "207",
      year = "1948"
}

@article{yang1950,
      author         = "Yang, Chen Ning",
      title          = "{Selection Rules for the Dematerialization of a Particle
                        Into Two Photons}",
      journal        = "Phys. Rev.",
      volume         = "77",
      pages          = "242",
      doi            = "10.1103/PhysRev.77.242",
      year           = "1950"
}

@article{Athena,
collaboration = "ATLAS",
   title = {The ATLAS Simulation Infrastructure},
   journal = {The European Physical Journal C - Particles and Fields},
   publisher = {Springer Berlin / Heidelberg},
   issn = {1434-6044},
   keyword = {Physics and Astronomy},
   pages = {823-874},
   volume = {70},
   issue = {3},
   url = {http://dx.doi.org/10.1140/epjc/s10052-010-1429-9},
   note = {10.1140/epjc/s10052-010-1429-9},
   year = {2010}
}