@article{Aad:2014lma,
      author         = "Aad, Georges and others",
      title          = "{Search for $H \to \gamma\gamma$ produced in association
                        with top quarks and constraints on the Yukawa coupling
                        between the top quark and the Higgs boson using data taken
                        at 7 TeV and 8 TeV with the ATLAS detector}",
      collaboration  = " ATLAS Collaboration",
      year           = "2014",
      eprint         = "1409.3122",
      archivePrefix  = "arXiv",
      primaryClass   = "hep-ex",
      reportNumber   = "CERN-PH-EP-2014-179",
      SLACcitation   = "%%CITATION = ARXIV:1409.3122;%%",
}
@techreport{ATLAS-CONF-2014-011,
      title         = "{Search for the Standard Model Higgs boson produced in
                       association with top quarks and decaying to $b\bar{b}$ in
                       pp collisions at $\sqrt{s} =$ 8 TeV with the ATLAS detector
                       at the LHC}",
      institution   = "CERN",
      address       = "Geneva",
      number        = "ATLAS-CONF-2014-011",
      month         = "Mar",
      year          = "2014",
}
