@article{ZZAtlas,
      author         = "Aad, Georges and others",
      title          = "{Measurement of $ZZ$ production in $pp$ collisions at
                        $\sqrt{s}=7$ TeV and limits on anomalous $ZZZ$ and
                        $ZZ\gamma$ couplings with the ATLAS detector}",
      collaboration  = "ATLAS Collaboration",
      journal        = "JHEP",
      volume         = "1303",
      pages          = "128",
      doi            = "10.1007/JHEP03(2013)128",
      year           = "2013",
      eprint         = "1211.6096",
      archivePrefix  = "arXiv",
      primaryClass   = "hep-ex",
      reportNumber   = "CERN-PH-EP-2012-318",
      SLACcitation   = "%%CITATION = ARXIV:1211.6096;%%",
}
@article{Garzelli:2012bn,
      author         = "Garzelli, M.V. and Kardos, A. and Papadopoulos, C.G. and
                        Trocsanyi, Z.",
      title          = "{$t\bar{t} W^{\pm}$ and $t\bar{t} Z$ Hadroproduction
                        at NLO accuracy in QCD with Parton Shower and
                        Hadronization effects}",
      journal        = "JHEP",
      volume         = "1211",
      pages          = "056",
      doi            = "10.1007/JHEP11(2012)056",
      year           = "2012",
      eprint         = "1208.2665",
      archivePrefix  = "arXiv",
      primaryClass   = "hep-ph",
      SLACcitation   = "%%CITATION = ARXIV:1208.2665;%%",
}
@article{Campbell:2012dh,
      author         = "Campbell, John M. and Ellis, R. Keith",
      title          = "{$t \bar{t} W^{+-}$ production and decay at NLO}",
      journal        = "JHEP",
      volume         = "1207",
      pages          = "052",
      doi            = "10.1007/JHEP07(2012)052",
      year           = "2012",
      eprint         = "1204.5678",
      archivePrefix  = "arXiv",
      primaryClass   = "hep-ph",
      reportNumber   = "FERMILAB-PUB-12-109-T",
      SLACcitation   = "%%CITATION = ARXIV:1204.5678;%%",
}


@article{Campbell:2013yla,
      author         = "{Campbell, John and Ellis, R. Keith and R\"ontsch, Raoul}",
      title          = "{Single top production in association with a Z boson at
                        the LHC}",
      journal        = "Phys.Rev.",
      volume         = "D87",
      pages          = "114006",
      doi            = "10.1103/PhysRevD.87.114006",
      year           = "2013",
      eprint         = "1302.3856",
      archivePrefix  = "arXiv",
      primaryClass   = "hep-ph",
      SLACcitation   = "%%CITATION = ARXIV:1302.3856;%%",
}
@article{ZbAtlas,
      author         = "Aad, Georges and others",
      title          = "{Measurement of differential production cross-sections
                        for a $Z$ boson in association with $b$-jets in 7 TeV
                        proton-proton collisions with the ATLAS detector}",
      collaboration  = "ATLAS Collaboration",
      year           = "2014",
      eprint         = "1407.3643",
      archivePrefix  = "arXiv",
      primaryClass   = "hep-ex",
      reportNumber   = "CERN-PH-EP-2014-118",
      SLACcitation   = "%%CITATION = ARXIV:1407.3643;%%",
}

@article{WbAtlas,
      AUTHOR         = "Aad, Georges and others",
      title          = "{Measurement of the cross-section for W boson production
                        in association with b-jets in pp collisions at $\sqrt{s}$
                        = 7 TeV with the ATLAS detector}",
      collaboration  = "ATLAS Collaboration",
      journal        = "JHEP",
      volume         = "1306",
      pages          = "084",
      doi            = "10.1007/JHEP06(2013)084",
      year           = "2013",
      eprint         = "1302.2929",
      archivePrefix  = "arXiv",
      primaryClass   = "hep-ex",
      reportNumber   = "CERN-PH-EP-2012-357",
      SLACcitation   = "%%CITATION = ARXIV:1302.2929;%%",
}


@article{WZAtlas,
      author         = "Aad, Georges and others",
      title          = "{Measurement of $WZ$ production in proton-proton
                        collisions at $\sqrt{s}=7$ TeV with the ATLAS detector}",
      collaboration  = "ATLAS Collaboration",
      journal        = "Eur.Phys.J.",
      volume         = "C72",
      pages          = "2173",
      doi            = "10.1140/epjc/s10052-012-2173-0",
      year           = "2012",
      eprint         = "1208.1390",
      archivePrefix  = "arXiv",
      primaryClass   = "hep-ex",
      reportNumber   = "CERN-PH-EP-2012-179",
      SLACcitation   = "%%CITATION = ARXIV:1208.1390;%%",
}

