@Article{Helac,
  author        = "G. Bevilacqua and M. Czakon and M.V. Garzelli and A. van
  Hameren and A. Kardos and C.G. Papadopoulos and R. Pittau and M. Worek",
  title         = "\textsc HELAC-NLO}",
  journal       = CC,
  year          = {2013},
  volume         = {184},
  pages          = {986},
  doi           = {10.1016/j.cpc.2012.10.033},
  archivePrefix = "arXiv",
  eprint        = "1110.1499v2",
  primaryClass  = "hep-ph",
}

@article{powheg,
  author={Paolo Nason},
  title="{A new method for combining NLO QCD with shower Monte Carlo algorithms}",
  journal=JHEP,
  volume={11},
  pages={040},
  doi={10.1088/1126-6708/2004/11/040},
  year={2004},
}

@article{powbox1,
  author={S. Frixione and P. Nason and C. Oleari},
  journal=JHEP,
  volume={11},
  pages={070},
  year={2007},
  eprint        = "0709.2092",
  archivePrefix = "arXiv",
  primaryClass  = "hep-ph",
}

@article{powbox2,
  author={S. Alioli and P. Nason and C. Oleari and E. Re},
  journal=JHEP,
  volume={06},
  pages={040},
  year={2010},
  eprint        = "1002.2581",
  archivePrefix = "arXiv",
  primaryClass  = "hep-ph",
}

@Article{PythiaManual8,
  author        = "T. Sj{\"o}strand and S. Mrenna and P. Skands",
  title         = "A Brief Introduction to Pythia 8.1",
  archivePrefix = "arXiv",
  ePrint        = "0710.3820",
  primaryClass  = "hep-ph"
}



@article{Garzelli:2012zfa,
      author         = "Garzelli, Maria Vittoria and Kardos, Adam and Trocsanyi,
                        Zoltan",
      title          = "{$t\bar{t}$ + hard X hadroproduction with PowHel}",
      journal        = "PoS",
      volume         = "LL2012",
      pages          = "057",
      year           = "2012",
      SLACcitation   = "%%CITATION = POSCI,LL2012,057;%%",
}
@article{Heinemeyer:2013tqa,
      author         = "Heinemeyer, S and others",
      editor         = "Heinemeyer, S",
      title          = "{Handbook of LHC Higgs Cross Sections: 3. Higgs
                        Properties}",
      collaboration  = "LHC Higgs Cross Section Working Group",
      doi            = "10.5170/CERN-2013-004",
      year           = "2013",
      eprint         = "1307.1347",
      archivePrefix  = "arXiv",
      primaryClass   = "hep-ph",
      reportNumber   = "CERN-2013-004",
      SLACcitation   = "%%CITATION = ARXIV:1307.1347;%%",
}
@article{Sjostrand:2007gs,
      author         = "Sjostrand, Torbjorn and Mrenna, Stephen and Skands, Peter
                        Z.",
      title          = "{A Brief Introduction to PYTHIA 8.1}",
      journal        = "Comput.Phys.Commun.",
      volume         = "178",
      pages          = "852-867",
      doi            = "10.1016/j.cpc.2008.01.036",
      year           = "2008",
      eprint         = "0710.3820",
      archivePrefix  = "arXiv",
      primaryClass   = "hep-ph",
      reportNumber   = "CERN-LCGAPP-2007-04, LU-TP-07-28,
                        FERMILAB-PUB-07-512-CD-T",
      SLACcitation   = "%%CITATION = ARXIV:0710.3820;%%",
}
@article{Frixione:2007vw,
      author         = "Frixione, Stefano and Nason, Paolo and Oleari, Carlo",
      title          = "{Matching NLO QCD computations with Parton Shower
                        simulations: the POWHEG method}",
      journal        = "JHEP",
      volume         = "0711",
      pages          = "070",
      doi            = "10.1088/1126-6708/2007/11/070",
      year           = "2007",
      eprint         = "0709.2092",
      archivePrefix  = "arXiv",
      primaryClass   = "hep-ph",
      reportNumber   = "BICOCCA-FT-07-9, GEF-TH-21-2007",
      SLACcitation   = "%%CITATION = ARXIV:0709.2092;%%",
}
@article{Lai:2010vv,
      author         = "Lai, Hung-Liang and Guzzi, Marco and Huston, Joey and Li,
                        Zhao and Nadolsky, Pavel M. and others",
      title          = "{New parton distributions for collider physics}",
      journal        = "Phys.Rev.",
      volume         = "D82",
      pages          = "074024",
      doi            = "10.1103/PhysRevD.82.074024",
      year           = "2010",
      eprint         = "1007.2241",
      archivePrefix  = "arXiv",
      primaryClass   = "hep-ph",
      reportNumber   = "MSUHEP-100707, SMU-HEP-10-10",
      SLACcitation   = "%%CITATION = ARXIV:1007.2241;%%",
}
@article{Maltoni:2002qb,
      author         = "Maltoni, Fabio and Stelzer, Tim",
      title          = "{MadEvent: Automatic event generation with MadGraph}",
      journal        = "JHEP",
      volume         = "0302",
      pages          = "027",
      doi            = "10.1088/1126-6708/2003/02/027",
      year           = "2003",
      eprint         = "hep-ph/0208156",
      archivePrefix  = "arXiv",
      primaryClass   = "hep-ph",
      SLACcitation   = "%%CITATION = HEP-PH/0208156;%%",
}
@article{Agostinelli:2002hh,
      author         = "Agostinelli, S. and others",
      title          = "{GEANT4: A Simulation toolkit}",
      collaboration  = "GEANT4",
      journal        = "Nucl.Instrum.Meth.",
      volume         = "A506",
      pages          = "250-303",
      doi            = "10.1016/S0168-9002(03)01368-8",
      year           = "2003",
      reportNumber   = "SLAC-PUB-9350, FERMILAB-PUB-03-339",
      SLACcitation   = "%%CITATION = NUIMA,A506,250;%%",
}
@article{Aad:2010ah,
      author         = "Aad, G. and others",
      title          = "{The ATLAS Simulation Infrastructure}",
      collaboration  = "ATLAS Collaboration",
      journal        = "Eur.Phys.J.",
      volume         = "C70",
      pages          = "823-874",
      doi            = "10.1140/epjc/s10052-010-1429-9",
      year           = "2010",
      eprint         = "1005.4568",
      archivePrefix  = "arXiv",
      primaryClass   = "physics.ins-det",
      SLACcitation   = "%%CITATION = ARXIV:1005.4568;%%",
}
@article{Bahr:2008pv,
      author         = "Bahr, M. and Gieseke, S. and Gigg, M.A. and Grellscheid,
                        D. and Hamilton, K. and others",
      title          = "{Herwig++ Physics and Manual}",
      journal        = "Eur.Phys.J.",
      volume         = "C58",
      pages          = "639-707",
      doi            = "10.1140/epjc/s10052-008-0798-9",
      year           = "2008",
      eprint         = "0803.0883",
      archivePrefix  = "arXiv",
      primaryClass   = "hep-ph",
      reportNumber   = "CERN-PH-TH-2008-038, CAVENDISH-HEP-08-03, KA-TP-05-2008,
                        DCPT-08-22, IPPP-08-11, CP3-08-05",
      SLACcitation   = "%%CITATION = ARXIV:0803.0883;%%",
}
@article{Nadolsky:2008zw,
      author         = "Nadolsky, Pavel M. and Lai, Hung-Liang and Cao, Qing-Hong
                        and Huston, Joey and Pumplin, Jon and others",
      title          = "{Implications of CTEQ global analysis for collider
                        observables}",
      journal        = "Phys.Rev.",
      volume         = "D78",
      pages          = "013004",
      doi            = "10.1103/PhysRevD.78.013004",
      year           = "2008",
      eprint         = "0802.0007",
      archivePrefix  = "arXiv",
      primaryClass   = "hep-ph",
      reportNumber   = "MSUHEP-080125, UCRHEP-T447",
      SLACcitation   = "%%CITATION = ARXIV:0802.0007;%%",
}
@article{Mangano:2002ea,
      author         = "Mangano, Michelangelo L. and Moretti, Mauro and
                        Piccinini, Fulvio and Pittau, Roberto and Polosa, Antonio
                        D.",
      title          = "{ALPGEN, a generator for hard multiparton processes in
                        hadronic collisions}",
      journal        = "JHEP",
      volume         = "0307",
      pages          = "001",
      doi            = "10.1088/1126-6708/2003/07/001",
      year           = "2003",
      eprint         = "hep-ph/0206293",
      archivePrefix  = "arXiv",
      primaryClass   = "hep-ph",
      reportNumber   = "CERN-TH-2002-129, FTN-T-2002-06",
      SLACcitation   = "%%CITATION = HEP-PH/0206293;%%",
}
@article{Kersevan:2004yg,
      author         = "Kersevan, Borut Paul and Richter-Was, Elzbieta",
      title          = "{The Monte Carlo event generator AcerMC versions 2.0 to
                        3.8 with interfaces to PYTHIA 6.4, HERWIG 6.5 and ARIADNE
                        4.1}",
      journal        = "Comput.Phys.Commun.",
      volume         = "184",
      pages          = "919-985",
      doi            = "10.1016/j.cpc.2012.10.032",
      year           = "2013",
      eprint         = "hep-ph/0405247",
      archivePrefix  = "arXiv",
      primaryClass   = "hep-ph",
      reportNumber   = "TPJU-6-2004",
      SLACcitation   = "%%CITATION = HEP-PH/0405247;%%",
}
@article{Gleisberg:2008ta,
      author         = "Gleisberg, T. and Hoeche, Stefan. and Krauss, F. and
                        Schonherr, M. and Schumann, S. and others",
      title          = "{Event generation with SHERPA 1.1}",
      journal        = "JHEP",
      volume         = "0902",
      pages          = "007",
      doi            = "10.1088/1126-6708/2009/02/007",
      year           = "2009",
      eprint         = "0811.4622",
      archivePrefix  = "arXiv",
      primaryClass   = "hep-ph",
      reportNumber   = "FERMILAB-PUB-08-477-T, SLAC-PUB-13420, ZU-TH-17-08,
                        DCPT-08-138, IPPP-08-69, EDINBURGH-2008-30, MCNET-08-14",
      SLACcitation   = "%%CITATION = ARXIV:0811.4622;%%",
}
@article{Martin:2009iq,
      author         = "Martin, A.D. and Stirling, W.J. and Thorne, R.S. and
                        Watt, G.",
      title          = "{Parton distributions for the LHC}",
      journal        = "Eur.Phys.J.",
      volume         = "C63",
      pages          = "189-285",
      doi            = "10.1140/epjc/s10052-009-1072-5",
      year           = "2009",
      eprint         = "0901.0002",
      archivePrefix  = "arXiv",
      primaryClass   = "hep-ph",
      reportNumber   = "IPPP-08-95, DCPT-08-190, CAVENDISH-HEP-08-16",
      SLACcitation   = "%%CITATION = ARXIV:0901.0002;%%",
}
