@CONFERENCE{Chamonix,
  author = {Jorg Wenniger},
  title = {Strategy for 2012},
  booktitle = {Chamonix 2012 Workshop on LHC Performance},
  year = {2012}
}

