@article{TRTStraws,
      title          = "{The ATLAS Transition Radiation Tracker (TRT)
                        proportional drift tube: Design and performance}",
      collaboration  = "The ATLAS TRT",
      journal        = "JINST",
      volume         = "3",
      pages          = "P02013",
      doi            = "10.1088/1748-0221/3/02/P02013",
      year           = "2008",
      SLACcitation   = "%%CITATION = JINST,3,P02013;%%",
}

@article{TRTBarrel,
  collaboration="The ATLAS TRT",
      title          = "{The ATLAS TRT barrel detector}",
      journal        = "JINST",
      volume         = "3",
      pages          = "P02014",
      doi            = "10.1088/1748-0221/3/02/P02014",
      year           = "2008",
      
}  

@article{trtelec,
      author       = "Abat, E and others",
      title        = "The ATLAS TRT electronics",
      journal      = "J. Instrum.",
      volume       = "3",
      pages        = "P06007",
      year         = "2008",
}
@techreport{ATLAS-CONF-2011-102,
      title        = "Commissioning of the ATLAS high-performance b-tagging
                      algorithms in the 7 TeV collision data",
      institution  = "CERN",
collaboration = "ATLAS",
      address      = "Geneva",
      number       = "ATLAS-CONF-2011-102",
      month        = "Jul",
      year         = "2011",
url = "https://cdsweb.cern.ch/record/1369219"
}
@article{Aad:2013ucp,
      author         = "Aad, Georges and others",
      title          = "{Improved luminosity determination in $pp$ collisions at
                        $\sqrt{s}$ = 7 TeV using the ATLAS detector at the LHC}",
      collaboration  = "ATLAS",
      journal        = "Eur.Phys.J.",
      volume         = "C73",
      pages          = "2518",
      doi            = "10.1140/epjc/s10052-013-2518-3",
      year           = "2013",
      eprint         = "1302.4393",
      archivePrefix  = "arXiv",
      primaryClass   = "hep-ex",
      reportNumber   = "CERN-PH-EP-2013-026",
      SLACcitation   = "%%CITATION = ARXIV:1302.4393;%%",
}
@proceedings{Carli:1424362,
        author        = "Carli, C",
        title         = "{}",
        organization  = "CERN",
        publisher     = "CERN",
        address       = "Geneva",
        year          = "2012",
}

@Article{ATLAS_detector,
     collaboration="ATLAS",
     journal="JINST",
     volume="3",
     year="2008",
     pages="S08003",
     title="The ATLAS Experiment at the CERN Large Hadron Collider",
     doi="10.1088/1748-0221/3/08/S08003"
}

@article{1748-0221-3-08-S08001,
  author={Lyndon Evans and Philip Bryant},
  title={LHC Machine},
  journal={JINST},
  volume={3},
  number={08},
  pages={S08001},
  doi="10.1088/1748-0221/3/08/S08001",
  year={2008}
}

@techreport{Pettersson:291782,
      author       = "Pettersson, Thomas Sven and Lefevre, P",
      title        = "The Large Hadron Collider: conceptual design.",
      url          =  {https://cdsweb.cern.ch/record/291782},
      institution  = "CERN",
      address      = "Geneva",
      number       = "CERN-AC-95-05 LHC",
      month        = "Oct",
      year         = "1995",
}

@techreport{Linnecar:1176380,
      author       = "Linnecar, T and others",
      title        = "Hardware and Initial Beam Commissioning of the LHC RF
                      Systems. oai:cds.cern.ch:1176380",
      url          = {https://cdsweb.cern.ch/record/1176380},
      institution  = "CERN",
      address      = "Geneva",
      number       = "LHC-PROJECT-Report-1172. CERN-LHC-PROJECT-Report-1172",
      month        = "Oct",
      year         = "2008",
}


@article{Feschenko:455800,
      author       = "Feschenko, A V and Hill, C E and Lombardi, A M and Liou, A
                      and Scrivens, R and Vretenar, Maurizio",
      title        = "Tests of the CERN proton linac performance for LHC-type beams.",
      url          = "https://cdsweb.cern.ch/record/455800",
      number       = "CERN-PS-2000-053-PP",
      pages        = "4 p",
      month        = "Aug",
      year         = "2000",
}
@article{1748-0221-3-08-S08005,
  collaboration={The LHCb},
  title={The LHCb Detector at the LHC},
  journal={Journal of Instrumentation},
  volume={3},
  number={08},
  pages={S08005},
     doi="10.1088/1748-0221/3/08/S08005",
  year={2008},
}

@article{1748-0221-3-08-S08002,
  collaboration={The ALICE },
  title={The ALICE experiment at the CERN LHC},
  journal={Journal of Instrumentation},
  volume={3},
  number={08},
  pages={S08002},
  url={http://stacks.iop.org/1748-0221/3/i=08/a=S08002},
  year={2008},
}
@article{1748-0221-3-08-S08004,
  collaboration={The CMS},
  title={The CMS experiment at the CERN LHC },
  journal={Journal of Instrumentation},
  volume={3},
  number={08},
  pages={S08004},
     doi="10.1088/1748-0221/3/08/S08004",
  year={2008},
}
@unpublished{Team:40525,
        author        = "AC Team",
        title         = "{The four main LHC experiments}",
        month         = "Jun",
        year          = "1999",
}
@book{HLTTDR,
      author       = "Jenni, Peter and Nessi, Marzio and Nordberg, Markus and
                      Smith, Kenway",
      title        = "ATLAS high-level trigger, data-acquisition and controls:
                      Technical Design Report",
      publisher    = "CERN",
      address      = "Geneva",
      series       = "Technical Design Report ATLAS",
      year         = "2003",
url = "https://cdsweb.cern.ch/record/616089"
}

@book{L1TDR,
      title        = "ATLAS level-1 trigger: Technical Design Report",
      publisher    = "CERN",
      address      = "Geneva",
      series       = "Technical Design Report ATLAS",
      year         = "1998",
collaboration = "ATLAS",
url = "https://cdsweb.cern.ch/record/381429"
}

@book{PhysPerfTDR2,
collaboration = "ATLAS",
      title        = "ATLAS detector and physics performance: Technical Design Report, 2",
      publisher    = "CERN",
      address      = "Geneva",
      series       = "Technical Design Report ATLAS",
      year         = "1999",
url = "https://cdsweb.cern.ch/record/391177"
}

@book{PhysPerfTDR1,
      title        = "ATLAS detector and physics performance: Technical Design Report, 1",
collaboration = "ATLAS",
       publisher    = "CERN",
      address      = "Geneva",
      series       = "Technical Design Report ATLAS",
      year         = "1999",
url = "https://cdsweb.cern.ch/record/391176"
}

@article{ExpectedPerfATLAS,
       title          = "{Expected Performance of the ATLAS Experiment - Detector,
                        Trigger and Physics}",
      collaboration  = "ATLAS",
      year           = "2009",
      eprint         = "0901.0512",
      archivePrefix  = "arXiv",
      primaryClass   = "hep-ex",
      reportNumber   = "SLAC-R-980, CERN-OPEN-2008-020",
      SLACcitation   = "%%CITATION = ARXIV:0901.0512;%%",
}
@book{ATLASTDR1,
      title        = "ATLAS detector and physics performance: Technical Design Report, 1",
      collaboration = "ATLAS",         
      publisher    = "CERN",
      address      = "Geneva",
      series       = "Technical Design Report ATLAS",
      year         = "1999",
      url         = "https://cdsweb.cern.ch/record/391176",
}

@book{IDTDR1,
      title        = "ATLAS inner detector: Technical Design Report 1",
      collaboration = "ATLAS",         
      publisher    = "CERN",
      address      = "Geneva",
      series       = "Technical Design Report ATLAS",
      year         = "1997",
      url = "https://cdsweb.cern.ch/record/331063",
}

@book{IDTDR2,
      collaboration = "ATLAS",
      title        = "ATLAS inner detector: Technical Design Report, 2",
      publisher    = "CERN",
      address      = "Geneva",
      series       = "Technical Design Report ATLAS",
      year         = "1997",
      url = "https://cdsweb.cern.ch/record/331064"
}


@book{PixelTDR,
      collaboration = "ATLAS",
      title        = "ATLAS pixel detector: Technical Design Report",
      publisher    = "CERN",
      address      = "Geneva",
      series       = "Technical Design Report ATLAS",
      year         = "1998",
url = "https://cdsweb.cern.ch/record/381263"
}

@article{PixelSensor,
collaboration  = "ATLAS",
      title          = "{ATLAS pixel detector electronics and sensors}",
      journal        = "JINST",
      volume         = "3",
      pages          = "P07007",
      doi            = "10.1088/1748-0221/3/07/P07007",
      year           = "2008",
      SLACcitation   = "%%CITATION = JINST,3,P07007;%%",
}

@book{TILETDR,
      collaboration = "ATLAS",
      title        = "ATLAS tile calorimeter: Technical Design Report",
      publisher    = "CERN",
      address      = "Geneva",
      series       = "Technical Design Report ATLAS",
      year         = "1996",
url = "https://cdsweb.cern.ch/record/331062"
}

@book{MagnetTDR,
     collaboration = "ATLAS",
      title        = "ATLAS magnet system: Technical Design Report, 1",
      publisher    = "CERN",
      address      = "Geneva",
      series       = "Technical Design Report ATLAS",
      year         = "1997",
      url          = "https://cdsweb.cern.ch/record/338080"
}

@book{MuonTDR,
     collaboration = "ATLAS",
      title        = "ATLAS muon spectrometer: Technical Design Report",
      publisher    = "CERN",
      address      = "Geneva",
      series       = "Technical Design Report ATLAS",
      year         = "1997",
      url          = "https://cdsweb.cern.ch/record/331068"
}

@article{MDTPaper,
      author         = "Bauer, F. and Bratzler, U. and Dietl, H. and Kroha, H.
                        and Lagouri, T. and others",
      title          = "{Construction and test of MDT chambers for the ATLAS muon
                        spectrometer}",
      journal        = "Nucl.Instrum.Meth.",
      volume         = "A461",
      pages          = "17-20",
      doi            = "10.1016/S0168-9002(00)01156-6",
      year           = "2001",
      reportNumber   = "MPI-PHE-2000-11",
      SLACcitation   = "%%CITATION = NUIMA,A461,17;%%",
}



@article{CSCPaper,
      author         = "Argyropoulos, Theodoros and Assamagan, Ketevi Adikle and
                        Benedict, Brian Hugues and Chernyatin, Valeri and Cheu,
                        Elliot and others",
      title          = "{Cathode strip chambers in ATLAS: Installation,
                        commissioning and in situ performance}",
      journal        = "IEEE Trans.Nucl.Sci.",
      volume         = "56",
      pages          = "1568-1574",
      doi            = "10.1109/TNS.2009.2020861",
      year           = "2009",
      SLACcitation   = "%%CITATION = IETNA,56,1568;%%",
}



@article{Majewski:1984ag,
      author         = "Majewski, S. and Charpak, Georges and Breskin, A. and
                        Mikenberg, G.",
      title          = "{A Thin Multiwire Chamber Operating in the High
                        Multiplication Mode}",
      journal        = "Nucl.Instrum.Meth.",
      volume         = "217",
      pages          = "265-271",
      doi            = "10.1016/0167-5087(83)90146-1",
      year           = "1983",
      SLACcitation   = "%%CITATION = NUIMA,217,265;%%",
}


@article{RPCPaper,
      author         = "Aielli, G. and Aloisio, A. and Alviggi, M. and Aprodu, V.
                        and Bocci, V. and others",
      title          = "{The RPC first level muon trigger in the barrel of the
                        ATLAS experiment}",
      journal        = "Nucl.Phys.Proc.Suppl.",
      volume         = "158",
      pages          = "11-15",
      doi            = "10.1016/j.nuclphysbps.2006.07.031",
      year           = "2006",
      SLACcitation   = "%%CITATION = NUPHZ,158,11;%%",
}
@Article{LArTDR:1996fq,
     author    = "The ATLAS Collaboration",
     title     = "{ATLAS liquid argon calorimeter: Technical design report}",
     note     = "CERN-LHCC-96-41"
}
@Article{ATLAS_EMC_calibration,
     collaboration="ATLAS",
     eprint    = "0901.0512",
     archivePrefix = "arXiv",
     primaryClass  =  "hep-ex"
}
@article{SCTEndcap,
      title          = "{The ATLAS semiconductor tracker end-cap module}",
      collaboration  = "ATLAS",
      journal        = "Nucl.Instrum.Meth.",
      volume         = "A575",
      pages          = "353-389",
      doi            = "10.1016/j.nima.2007.02.019",
      year           = "2007",
      SLACcitation   = "%%CITATION = NUIMA,A575,353;%%",
}

@article{SCTBarrel,
collaboration = "ATLAS",
      title          = "{The barrel modules of the ATLAS semiconductor tracker}",
      journal        = "Nucl.Instrum.Meth.",
      volume         = "A568",
      pages          = "642-671",
      doi            = "10.1016/j.nima.2006.08.036",
      year           = "2006",
      reportNumber   = "ATL-COM-INDET-2006-009, ATL-INDET-PUB-2006-005",
      SLACcitation   = "%%CITATION = NUIMA,A568,642;%%",
}



