#------------------------------------------------------------------------------
# used in thesis, reverse chronological from publication date


#------------------------------------------------------------------------------
# not yet used in thesis

discovery of the electron and measurement of e/m
@article{1897.Thomson.cathode-rays,
    author = {J.J. Thomson},
    title = "Cathode rays",
    journal = {Philosophical Magazine},
    volume = "{44}",
    year = {1897},
    pages = {293},
}

@article{1900.Planck.black-body-radiation,
   author = {{Planck}, M.},
    title = "{Entropie und temperatur strahlender w\"arme}",
  journal = {Annalen der Physik},
     year = {1900},
   volume = "{306}",
    issue = "4",
    pages = {719--737},
}

"On an Improvement of Wien's Equation for the Spectrum"
@article{1900.Planck.improvement-to-Wien,
   author = {{Planck}, M.},
    title = "{\"Uber eine verbesserung der Wienschen spektralgleichung}",
  journal = "{Verhandlungen der Deutschen Physikalischen Gesellschaft}",
     year = {1900},
   volume = "{2}",
    pages = {202--204},
}

"On the Theory of the Energy Distribution Law of the Normal Spectrum"
@article{1900.Planck.Normal-energy-distribution,
   author = {{Planck}, M.},
    title = "{Zur theorie des gesetzes der energieverteilung im normalspektrum}",
  journal = "{Verhandlungen der Deutschen Physikalischen Gesellschaft}",
     year = {1900},
   volume = "{2}",
    pages = {237},
}

@article{1900.Planck-d,
   author = {{Planck}, M.},
    title = "{\"Uber irreversible strahlungsvorg\"ange}",
  journal = {Annalen der Physik},
     year = {1900},
   volume = "{306}",
    issue = "1",
    pages = {69--122},
}

@article{1901.Planck.Normal-energy-distribution,
   author = {{Planck}, M.},
    title = "{\"Uber das gesetz der energieverteilung im normalspectrum}",
  journal = {Annalen der Physik},
     year = {1901},
   volume = "{309}",
    pages = {553-563},
      doi = {10.1002/andp.19013090310},
}
   adsurl = {http://adsabs.harvard.edu/abs/1901AnP...309..553P},
  adsnote = {Provided by the SAO/NASA Astrophysics Data System}

@article{1905.Einstein.photoelectric-effect,
    author = {Einstein, A.},
    title = {\"Uber einen die erzeugung und verwandlung des lichtes betreffenden heuristischen gesichtspunkt},
    journal = {Annalen der Physik},
    volume = "{17}",
    pages = {132--148},
    year = {1905},
}

@article{1905.Einstein.Brownian-motion,
    author = {Einstein, A.},
    title = {\"Uber die von der molekularkinetischen theorie der w\"arme geforderte bewegung von in ruhenden fl\"ussigkeiten suspendierten teilchen},
    journal = {Annalen der Physik},
    volume = "{17}",
    pages = {549},
    year = {1905},
}

@article{1905.Einstein.special-relativity,
    author = {Einstein, A.},
    title = {Zur elektrodynamik bewegter K\"orpe },
    journal = {Annalen der Physik},
    volume = "{17}",
    pages = {891},
    year = {1905},
}

@article{1911.Rutherford,
    author = {E. Rutherford},
    title = {The scattering of $\alpha$ and $\beta$ particles by matter and the structure of the atom},
    journal = {Philosophical Magazine},
    series = {6},
    volume = "{21}",
    year = {1911},
    pages = {669--688},
}

@article{1913.Bohr.Bohr-model-1,
    author = {{Bohr}, N.},
    title = "On the constitution of atoms and molecules, Part I",
    journal = {Philosophical Magazine},
    year  = {1913},
    volume = "{26}",
    pages = {1--24},
}

@article{1913.Bohr.Bohr-model-2,
    author = {{Bohr}, N.},
    title = "On the constitution of atoms and molecules, Part II: systems conataining only a single nucleus",
    journal = {Philosophical Magazine},
    year  = {1913},
    volume = "{26}",
    pages = {476--502},
}

@article{1913.Bohr.Bohr-model-3,
    author = {{Bohr}, N.},
    title = "On the constitution of atoms and molecules, Part III: systems conataining several neclei",
    journal = {Philosophical Magazine},
    year  = {1913},
    volume = "{26}",
    pages = {857--875},
}

@article{1913.Bohr.H-He-spectrum,
   author = {{Bohr}, N.},
    title = "{The spectra of helium and hydrogen}",
  journal = {Nature},
     year = {1913},
   volume = "{92}",
    pages = {231-232},
      doi = {10.1038/092231d0},
}
   adsurl = {http://adsabs.harvard.edu/abs/1913Natur..92..231B},
  adsnote = {Provided by the SAO/NASA Astrophysics Data System}
    month = oct,

@article{1916.Einstein.general-relativity,
   author = {{Einstein}, A.},
    title = "{Die Grundlage der allgemeinen Relativit{\"a}tstheorie}",
  journal = {Annalen der Physik},
     year = 1916,
   volume = "{354}",
    pages = {769--822},
      doi = {10.1002/andp.19163540702},
}
   adsurl = {http://adsabs.harvard.edu/abs/1916AnP...354..769E},
  adsnote = {Provided by the SAO/NASA Astrophysics Data System}

@article{1918.Noether,
    author = {{Noether}, E.},
    title = "Invariante variationsprobleme", 
    journal = "{Nachr. d. K\"onig. Gesellsch. d. Wiss. zu G\"ottingen, Math-phys. Klasse}",
    eprint = {arXiv:physics/0503066},
    year = "1918",
    pages = {235-257},
    note = "{M. A. Tavel's English translation originally appeared in
        Transport Theory and Statistical Physics, 1 (3), 183--207 (1971).}",
}

@article{1925.deBroglie.wave-particle,
    author = {de Broglie, Louis},
    title = "{Recherches sur la th\'eorie des quanta (Researches on the quantum theory), Thesis, Paris, 1924}",
    journal = {Ann. de Physique},
    volume = "{10}",
    year = {1925},
}

@article{1925.Heisenberg.matrix-mechanics,
    author = {{Heisenberg}, W.},
    title = "{{\"U}ber quantentheoretische umdeutung kinematischer und mechanischer beziehungen.}",
    journal = {Zeitschrift f\"ur Physik},
    year = 1925,
    volume = "{33}",
    pages = {879--893},
    doi = {10.1007/BF01328377},
}
    month = dec,
    adsurl = {http://adsabs.harvard.edu/abs/1925ZPhy...33..879H},
    adsnote = {Provided by the SAO/NASA Astrophysics Data System}

@article{1925.Born-Jordan.matrix-mechanics,
    author = {Born, M. and Jordan, P.},
    title = "Zur quantenmechanik",
    journal = {Zeitschrift f\"ur Physik},
    year = {1925},
    volume = "{34}",
    pages = {858--888},
}

@article{1925.Born-Heisenberg-Jordan.matrix-mechanics,
    author = {Born, M. and Heisenberg, W. and Jordan, P.},
    title = "Zur quantenmechanik",
    journal = {Zeitschrift f\"ur Physik},
    year = {1925},
    volume = "{34}",
    pages = {858--888},
}

@article{1926.Born-rule,
    author = {Born, M.},
    title = {Zur quantenmechanik der sto$\beta$vorg\"ange},
    journal = {Zeitschrift f\"ur Physik},
    year = {1926},
    volume = "{37}",
    pages = {863--867},
}

@article{1926.Pauli.H-spectrum-in-E-B-fields,
    author = {Pauli, W.},
    title = "On the hydrogen spectrum from the standpoint of the new quantum mechanics",
    journal = {Zeitschrift f\"ur Physik},
    year = {1926},
    volume = "{36}",
    pages = {336--363},
}

@article{1926.Schrodinger.wave-mechanics-1,
    author = {Schr\"odinger, E.},
    title = {Quantisierung als eigenwertproblem},
    journal = {Annalen der Physik},
    year = {1926},
    volume = "{384}",
    number = {4},
    pages = {361--376},
}

@article{1926.Schrodinger.wave-mechanics-2,
    author = {Schr\"odinger, E.},
    title = {An undulatory theory of the mechanics of atoms and molecules},
    journal = {Phys. Rev.},
    volume = {28},
    issue = {6},
    pages = {1049--1070},
    year = {1926},
    doi = {10.1103/PhysRev.28.1049},
    publisher = {American Physical Society}
}
    month = {Dec},
    url = {http://link.aps.org/doi/10.1103/PhysRev.28.1049},


proof of the equivalence of Heisenberg matrix mechanics and Schrodinger wave mechanics
@article{1926.Schrodinger.wave-mechanics-3,
    author = {Schr\"odinger, E.},
    title = {\"Uber das verh\"altnis der Heisenberg-Born-Jordanschen quantenmechanik zu der meinem},
    journal = {Annalen der Physik},
    year = {1926},
    volume = "{384}",
    number = {8},
    pages = {734--756},
}

@article{1927.Heisenberg.uncertainty-principle,
    author = {{Heisenberg}, W.},
    title = "{{\"U}ber den anschaulichen Inhalt der quantentheoretischen Kinematik und Mechanik}",
    journal = {Zeitschrift fur Physik},
    year = 1927,
    volume = "{43}",
    pages = {172--198},
    doi = {10.1007/BF01397280},
}
    adsurl = {http://adsabs.harvard.edu/abs/1927ZPhy...43..172H},
    adsnote = {Provided by the SAO/NASA Astrophysics Data System}

@article{1928.Dirac.QM-theory-of-the-electron,
    author = {Dirac, P. A. M.}, 
    title = {The quantum theory of the electron},
    journal = {Proceedings of the Royal Society of London. Series A},
    year = {1928}, 
    volume = "{117}", 
    number = {778}, 
    pages = {610--624}, 
    doi = {10.1098/rspa.1928.0023}, 
}
    URL = {http://rspa.royalsocietypublishing.org/content/117/778/610.short}, 
    eprint = {http://rspa.royalsocietypublishing.org/content/117/778/610.full.pdf+html}, 

@article{1929.Dirac.theory-of-electrons-and-protons,
    author = {Dirac, P. A. M.}, 
    title = {A theory of electrons and protons},
    journal = {Proceedings of the Royal Society of London. Series A},
    year = {1930}, 
    volume = "{126}", 
    number = {801}, 
    pages = {360--365}, 
    doi = {10.1098/rspa.1930.0013}, 
}
    URL = {http://rspa.royalsocietypublishing.org/content/126/801/360.short}, 
    eprint = {http://rspa.royalsocietypublishing.org/content/126/801/360.full.pdf+html}, 

@book{1930.Dirac.priciples-of-QM,
    author = {Dirac, P. A. M.},
    title = {The Priciples of Quantum Mechanics},
    year = {1930},
    publisher = "Oxford University Press",
}

@book{1932.vonNeumann.math-foundations-of-QM,
    author = "von Neumann, John",
    title = "The Mathematical Foundations of Quantum Mechanics",
    year = "1932",
    publisher = "Princeton University Press",
}

@article{1934.Fermi.four-fermion-iteraction,
    author = {Fermi, E.},
    title = {Versuch einer theorie der $\beta$-strahlen. I},
    journal = {Zeitschrift f√ºr Physik A Hadrons and Nuclei},
    publisher = {Springer Berlin / Heidelberg},
    issn = {0939-7922},
    pages = {161-177},
    volume = "{88}",
    issue = {3},
    year = {1934}
}
    url = {http://dx.doi.org/10.1007/BF01351864},
    note = {10.1007/BF01351864},

@article{1935.EPR,
    title = {Can Quantum-Mechanical Description of Physical Reality Be Considered Complete?},
    author = {Einstein, A. and Podolsky, B. and Rosen, N.},
    journal = {Phys. Rev.},
    volume = {47},
    issue = {10},
    pages = {777--780},
    year = "{1935}",
    doi = {10.1103/PhysRev.47.777},
    publisher = {American Physical Society}
}
    month = {May},
    url = {http://link.aps.org/doi/10.1103/PhysRev.47.777},

@article{1939.Wigner.unitary-reps,
    author = {Wigner, E.},
    title = {On unitary representations of the inhomogeneous Lorentz group},
    journal = {Annals of Mathematics},
    volume = "{40}",
    series = {Second Series},
    pages = {pp. 149-204},
    year = {1939},
    publisher = {Annals of Mathematics},
}
    number = {1},
    url = {http://www.jstor.org/stable/1968551},

@article{1940.Pauli.spin-statistics,
    title = {The connection between spin and statistics},
    author = {Pauli, W.},
    journal = {Phys. Rev.},
    volume = "{58}",
    issue = {8},
    pages = {716--722},
    year = {1940},
    doi = {10.1103/PhysRev.58.716},
    publisher = {American Physical Society}
}
    url = {http://link.aps.org/doi/10.1103/PhysRev.58.716},
    month = {Oct},

@article{1946.Tomonaga-QFT-1,
    title = {On a Relativistically Invariant Formulation of the Quantum Theory of Wave Fields},
    author = {S. Tomonaga},
    journal = {Progress of Theoretical Physics},
    volume = {1},
    number = {2},
    pages = {27-42},
    numpages = {15},
    year = {1946},
    doi = {10.1143/PTP.1.27},
    publisher = {Progress of Theoretical Physics}
}
    url = {http://ptp.ipap.jp/link?PTP/1/27/},

@article{1947.Tomonaga-QFT-2,
    title = {On a Relativistically Invariant Formulation of the Quantum Theory of Wave Fields. II},
    author = {Zir\^o Koba and Takao Tati and {Sin-ichir\^o} Tomonaga},
    journal = {Progress of Theoretical Physics},
    volume = {2},
    number = {3},
    pages = {101-116},
    numpages = {15},
    year = {1947},
    doi = {10.1143/PTP.2.101},
    publisher = {Progress of Theoretical Physics}
}
    url = {http://ptp.ipap.jp/link?PTP/2/101/},

@article{1947.Tomonaga-QFT-3,
    title = {On a Relativistically Invariant Formulation of the Quantum Theory of Wave Fields. III},
    author = {Zir\^o Koba and Takao Tati and {Sin-ichir\^o} Tomonaga},
    journal = {Progress of Theoretical Physics},
    volume = {2},
    number = {4},
    pages = {198-208},
    numpages = {10},
    year = {1947},
    doi = {10.1143/PTP.2.198},
    publisher = {Progress of Theoretical Physics}
}
    url = {http://ptp.ipap.jp/link?PTP/2/198/},

@article{1948.Tomonaga-QFT-4,
    title = {On a Relativistically Invariant Formulation of the Quantum Theory of Wave Fields. IV},
    author = {Suteo Kanesawa and {Sin-ichir\^o} Tomonaga},
    journal = {Progress of Theoretical Physics},
    volume = {3},
    number = {1},
    pages = {1-13},
    numpages = {12},
    year = {1948},
    doi = {10.1143/PTP.3.1},
    publisher = {Progress of Theoretical Physics}
}
    url = {http://ptp.ipap.jp/link?PTP/3/1/},

@article{1948.Tomonaga-QFT-5,
    title = {On a Relativistically Invariant Formulation of the Quantum Theory of Wave Fields V},
    author = {Suteo Kanesawa and {Sin-ichir\^o} Tomonaga},
    journal = {Progress of Theoretical Physics},
    volume = {3},
    number = {2},
    pages = {101-113},
    numpages = {12},
    year = {1948},
    doi = {10.1143/PTP.3.101},
    publisher = {Progress of Theoretical Physics}
}
    url = {http://ptp.ipap.jp/link?PTP/3/101/},

@article{1948.Feynman.path-integral-QM,
    title = "{Space-time approach to non-relativistic quantum mechanics}",
    author = {Feynman, R. P.},
    journal = {Rev. Mod. Phys.},
    volume = "{20}",
    issue = {2},
    pages = {367--387},
    year = {1948},
    doi = {10.1103/RevModPhys.20.367},
    publisher = {American Physical Society}
}
    url = "{http://link.aps.org/doi/10.1103/RevModPhys.20.367}",
    month = {Apr},

@article{1948.Schwinger.QED-1,
    title = {Quantum Electrodynamics. I. A covariant formulation},
    author = {Schwinger, Julian},
    journal = {Phys. Rev.},
    volume = {74},
    issue = {10},
    pages = {1439--1461},
    year = {1948},
    doi = {10.1103/PhysRev.74.1439},
    publisher = {American Physical Society}
}
  month = {Nov},
  url = {http://link.aps.org/doi/10.1103/PhysRev.74.1439},

@article{1949.Schwinger.QED-2,
    title = {Quantum Electrodynamics. II. Vacuum polarization and self-energy},
    author = {Schwinger, Julian},
    journal = {Phys. Rev.},
    volume = {75},
    issue = {4},
    pages = {651--679},
    year = {1949},
    doi = {10.1103/PhysRev.75.651},
    publisher = {American Physical Society}
}
    month = {Feb},
    url = {http://link.aps.org/doi/10.1103/PhysRev.75.651},

@article{1949.Schwinger.QED-3,
    title = {Quantum Electrodynamics. III. The electromagnetic properties of the electron radiative corrections to scattering},
    author = {Schwinger, Julian},
    journal = {Phys. Rev.},
    volume = {76},
    issue = {6},
    pages = {790--817},
    year = {1949},
    doi = {10.1103/PhysRev.76.790},
    publisher = {American Physical Society}
}
    url = {http://link.aps.org/doi/10.1103/PhysRev.76.790},
    month = {Sep},

@article{1949.Dyson.unified-Tomonaga-Schwinger-Feynman,
    author = {{Dyson}, F.~J.},
    title = "{The radiation theories of Tomonaga, Schwinger, and Feynman}",
    journal = {Physical Review},
    year = 1949,
    volume = "{75}",
    pages = {486-502},
    doi = {10.1103/PhysRev.75.486},
}
    adsurl = {http://adsabs.harvard.edu/abs/1949PhRv...75..486D},
    adsnote = {Provided by the SAO/NASA Astrophysics Data System}
    month = feb,

@article{1949.Dyson-series,
    title = {The S matrix in quantum electrodynamics},
    author = {Dyson, F. J.},
    journal = {Phys. Rev.},
    volume = "{75}",
    issue = {11},
    pages = {1736--1755},
    year = {1949},
    doi = {10.1103/PhysRev.75.1736},
    publisher = {American Physical Society}
}
    month = {Jun},
    url = {http://link.aps.org/doi/10.1103/PhysRev.75.1736},

@article{1949.Dirac.forms-of-relativistic-dynamics,
    title = {Forms of relativistic dynamics},
    author = {Dirac, P. A. M.},
    journal = {Rev. Mod. Phys.},
    volume = {21},
    issue = {3},
    pages = {392--399},
    year = {1949},
    doi = {10.1103/RevModPhys.21.392},
    publisher = {American Physical Society}
}
    month = {Jul},
    url = {http://link.aps.org/doi/10.1103/RevModPhys.21.392},

@article{1949.Feynman.space-time-approach-to-QED,
    author = {{Feynman}, R.~P.},
    title = "{Space-time approach to quantum electrodynamics}",
    journal = {Physical Review},
    year = {1949},
    volume = "{76}",
    pages = {769--789},
    doi = {10.1103/PhysRev.76.769},
}
    adsurl = {http://adsabs.harvard.edu/abs/1949PhRv...76..769F},
    adsnote = {Provided by the SAO/NASA Astrophysics Data System}

@article{1949.Ehrenberg-Siday.A-B-effect,
    author={W. Ehrenberg and R.~E. Siday},
    title={The Refractive Index in Electron Optics and the Principles of Dynamics},
    journal={Proceedings of the Physical Society. Section B},
    volume="{62}",
    number={1},
    pages={8},
    year={1949},
}
    url={http://stacks.iop.org/0370-1301/62/i=1/a=303},

@article{1950.Feynman.QED,
    title = {Mathematical formulation of the quantum theory of electromagnetic interaction},
    author = {Feynman, R. P.},
    journal = {Phys. Rev.},
    volume = "{80}",
    issue = {3},
    pages = {440--457},
    year = {1950},
    doi = {10.1103/PhysRev.80.440},
    publisher = {American Physical Society}
}
    url = {http://link.aps.org/doi/10.1103/PhysRev.80.440},
    month = {Nov},

@article{1951.Schwinger.gauge-invariance-and-vacuum-polarization,
    author = {{Schwinger}, J.},
    title = "{On gauge invariance and vacuum polarization}",
    journal = {Physical Review},
    year = {1951},
    volume = "{82}",
    pages = {664-679},
    doi = {10.1103/PhysRev.82.664},
}
    adsurl = {http://adsabs.harvard.edu/abs/1951PhRv...82..664S},
    adsnote = {Provided by the SAO/NASA Astrophysics Data System}
    month = jun,

@article{1954.Yang-Mills,
    title = {Conservation of isotopic spin and isotopic gauge invariance},
    author = {Yang, C. N. and Mills, R. L.},
    journal = {Phys. Rev.},
    volume = "{96}",
    issue = {1},
    pages = {191--195},
    year = {1954},
    doi = {10.1103/PhysRev.96.191},
    publisher = {American Physical Society}
}
    url = {http://link.aps.org/doi/10.1103/PhysRev.96.191},
    month = {Oct},

@article{1955.LSZ-reduction-formula,
   author = {{Lehmann}, H. and {Symanzik}, K. and {Zimmermann}, W.},
    title = "Zur formulierung quantisierter feldtheorien",
  journal = {Nuovo Cimento Serie},
     year = {1955},
   volume = "{1}",
    pages = {205-225},
      doi = {10.1007/BF02731765},
}
   adsurl = {http://adsabs.harvard.edu/abs/1955NCimS...1..205L},
  adsnote = {Provided by the SAO/NASA Astrophysics Data System}
    month = jan,

@article{1956.Lee-Yang.Question-of-parity,
    author = {Lee, T. D. and Yang, C. N.},
    title = {Question of parity conservation in weak interactions},
    journal = {Phys. Rev.},
    volume = "{104}",
    issue = {1},
    pages = {254--258},
    year = {1956},
    doi = {10.1103/PhysRev.104.254},
    publisher = {American Physical Society}
}
    month = {Oct},
    url = {http://link.aps.org/doi/10.1103/PhysRev.104.254},

@article{1956.Cowan-Reines.discovery-of-neutrino,
    author = {{Cowan}, Jr., C.~L. and {Reines}, F. and {Harrison}, F.~B. and 
        {Kruse}, H.~W. and {McGuire}, A.~D.},
    title = "{Detection of the free neutrino: a confirmation}",
    journal = {Science},
    year = {1956},
    volume = "{124}",
    pages = {103--104},
    doi = {10.1126/science.124.3212.103},
}
    month = jul,
    adsurl = {http://adsabs.harvard.edu/abs/1956Sci...124..103C},
    adsnote = {Provided by the SAO/NASA Astrophysics Data System}

@article{1957.Heisenberg.QFT-and-elementary-particles,
    author = {{Heisenberg}, W.},
    title = "{Quantum Theory of Fields and Elementary Particles}",
    journal = {Reviews of Modern Physics},
    year = 1957,
    volume = 29,
    pages = {269-278},
    doi = {10.1103/RevModPhys.29.269},
}
    month = jul,
    adsurl = {http://adsabs.harvard.edu/abs/1957RvMP...29..269H},
    adsnote = {Provided by the SAO/NASA Astrophysics Data System}

proposal of neutrino oscillations
@article{1957.Pontecorvo.neutrino-oscillations,
    author         = "Pontecorvo, B.",
    title          = "{Mesonium and anti-mesonium}",
    journal        = "Sov.Phys.JETP",
    volume         = "{6}",
    pages          = "429",
    year           = "1957",
    SLACcitation   = "%%CITATION = SPHJA,6,429;%%",
}

@article{1957.BCS-superconductivity-1,
    title = {Microscopic theory of superconductivity},
    author = {Bardeen, J. and Cooper, L. N. and Schrieffer, J. R.},
    journal = {Phys. Rev.},
    volume = "{106}",
    issue = {1},
    pages = {162--164},
    year = {1957},
    doi = {10.1103/PhysRev.106.162},
    publisher = {American Physical Society}
}
    month = {Apr},
    url = {http://link.aps.org/doi/10.1103/PhysRev.106.162},

@article{1957.BCS-superconductivity-2,
    title = {Theory of superconductivity},
    author = {Bardeen, J. and Cooper, L. N. and Schrieffer, J. R.},
    journal = {Phys. Rev.},
    volume = "{108}",
    issue = {5},
    pages = {1175--1204},
    year = {1957},
    doi = {10.1103/PhysRev.108.1175},
    publisher = {American Physical Society}
}
    month = {Dec},
    url = {http://link.aps.org/doi/10.1103/PhysRev.108.1175},

@article{1957.Wu.parity-violation,
    author = {Wu, C. S. and Ambler, E. and Hayward, R. W. and Hoppes, D. D. and Hudson, R. P.},
    title = {Experimental test of parity conservation in beta decay},
    journal = {Phys. Rev.},
    volume = "{105}",
    issue = {4},
    pages = {1413--1415},
    year = {1957},
    doi = {10.1103/PhysRev.105.1413},
    publisher = {American Physical Society}
}
    month = {Feb},
    url = {http://link.aps.org/doi/10.1103/PhysRev.105.1413},

@article{1957.Lederman.parity-violation,
    author = {Garwin, Richard L. and Lederman, Leon M. and Weinrich, Marcel},
    title = {Observations of the Failure of Conservation of Parity and Charge Conjugation in Meson Decays: the Magnetic Moment of the Free Muon},
    journal = {Phys. Rev.},
    volume = "{105}",
    issue = {4},
    pages = {1415--1417},
    year = {1957},
    doi = {10.1103/PhysRev.105.1415},
}
    publisher = {American Physical Society}
    month = {Feb},
    url = {http://link.aps.org/doi/10.1103/PhysRev.105.1415},


@article{1957.Gell-Mann.first_review_of_particle_physics,
    author = {M. Gell-Mann and A. H. Rosenfeld},
    title = "Hyperons and heavy mesons (systematics and decay)",
    journal = {Annual Review of Nuclear Science},
    volume = "{7}",
    pages = {407--478},
}

@article{1958.Sudarshan-Marshak.V-A-weak-interaction,
    title = {Chirality invariance and the universal Fermi interaction},
    author = {Sudarshan, E. C. G. and Marshak, R. E.},
    journal = {Phys. Rev.},
    volume = {109},
    issue = {5},
    pages = {1860--1862},
    year = {1958},
    doi = {10.1103/PhysRev.109.1860.2},
}
    month = {Mar},
    url = {http://link.aps.org/doi/10.1103/PhysRev.109.1860.2},
    publisher = {American Physical Society}

@article{1958.Feynman-Gell-Mann.V-A-weak,
    title = {Theory of the Fermi interaction},
    author = {Feynman, R. P. and Gell-Mann, M.},
    journal = {Phys. Rev.},
    volume = "{109}",
    issue = {1},
    pages = {193--198},
    year = {1958},
    doi = {10.1103/PhysRev.109.193},
}
    month = {Jan},
    url = {http://link.aps.org/doi/10.1103/PhysRev.109.193},
    publisher = {American Physical Society}

@article{1958.Fitch.kaons,
    title = {Measurement of the Total Absorption Coefficient of Long-Lived Neutral $K$ Particles},
    author = {Panofsky, W. K. H. and Fitch, V. L. and Motley, R. M. and Chesnut, W. G.},
    journal = {Phys. Rev.},
    volume = "{109}",
    issue = {4},
    pages = {1353--1357},
    year = {1958},
    doi = {10.1103/PhysRev.109.1353},
    publisher = {American Physical Society}
}
    month = {Feb},
    url = {http://link.aps.org/doi/10.1103/PhysRev.109.1353},

@article{1959.Aharonov-Bohm,
    title = {Significance of Electromagnetic Potentials in the Quantum Theory},
    author = {Aharonov, Y. and Bohm, D.},
    journal = {Phys. Rev.},
    volume = "{115}",
    issue = {3},
    pages = {485--491},
    year = {1959},
    doi = {10.1103/PhysRev.115.485},
    publisher = {American Physical Society}
}
    month = {Aug},
    url = {http://link.aps.org/doi/10.1103/PhysRev.115.485},

@article{1960.Chambers.A-B-effect,
    title = {Shift of an Electron Interference Pattern by Enclosed Magnetic Flux},
    author = {Chambers, R. G.},
    journal = {Phys. Rev. Lett.},
    volume = "{5}",
    issue = {1},
    pages = {3--5},
    year = {1960},
    doi = {10.1103/PhysRevLett.5.3},
    publisher = {American Physical Society}
}
    url = {http://link.aps.org/doi/10.1103/PhysRevLett.5.3},
    month = {Jul},

@article{1960.Nambu.Gauge-invariance-superconductivity,
    title = {Quasi-particles and gauge invariance in the theory of superconductivity},
    author = {Nambu, Yoichiro},
    journal = {Phys. Rev.},
    volume = "{117}",
    issue = {3},
    pages = {648--663},
    year = {1960},
    doi = {10.1103/PhysRev.117.648},
    publisher = {American Physical Society}
}
    month = {Feb},
    url = {http://link.aps.org/doi/10.1103/PhysRev.117.648},

@article{1960.Nambu.axial-vector-weak-interactions,
   author = {{Nambu}, Y.},
    title = "{Axial vector current conservation in weak interactions}",
  journal = {Physical Review Letters},
     year = 1960,
   volume = 4,
    pages = {380-382},
      doi = {10.1103/PhysRevLett.4.380},
}
    month = apr,
   adsurl = {http://adsabs.harvard.edu/abs/1960PhRvL...4..380N},
  adsnote = {Provided by the SAO/NASA Astrophysics Data System}

@article{1960.Wigner.unreasonable-effectiveness-of-math,
    author = {Wigner, E.},
    title = {The unreasonable effectiveness of mathematics in the natural sciences},
    journal = {Communications on Pure and Applied Mathematics},
    volume = "{13}",
    pages = {1-14},
    year = {1960},
}

@article{1961.Nambu.dynamical-model-of-particles-analog-of-superconductivity-1,
   author = {{Nambu}, Y. and {Jona-Lasinio}, G.},
    title = "{Dynamical model of elementary particles based on an analogy with superconductivity. I}",
  journal = {Physical Review},
     year = 1961,
   volume = 122,
    pages = {345-358},
      doi = {10.1103/PhysRev.122.345},
}
    month = apr,
   adsurl = {http://adsabs.harvard.edu/abs/1961PhRv..122..345N},
  adsnote = {Provided by the SAO/NASA Astrophysics Data System}

@article{1961.Nambu.dynamical-model-of-particles-analog-of-superconductivity-2,
   author = {{Nambu}, Y. and {Jona-Lasinio}, G.},
    title = "{Dynamical model of elementary particles based on an analogy with superconductivity. II}",
  journal = {Physical Review},
     year = 1961,
   volume = 124,
    pages = {246-254},
      doi = {10.1103/PhysRev.124.246},
}
    month = oct,
   adsurl = {http://adsabs.harvard.edu/abs/1961PhRv..124..246N},
  adsnote = {Provided by the SAO/NASA Astrophysics Data System}

@article{1961.Peshkin.A-B-effect,
   author = {{Peshkin}, M. and {Talmi}, I. and {Tassie}, L.~J.},
    title = "{The quantum mechanical effects of magnetic fields confined
              to inaccessible regions}",
  journal = {Annals of Physics},
     year = 1961,
   volume = 12,
    pages = {426-435},
      doi = {10.1016/0003-4916(61)90069-0},
}
    month = mar,
   adsurl = {http://adsabs.harvard.edu/abs/1961AnPhy..12..426P},
  adsnote = {Provided by the SAO/NASA Astrophysics Data System}

@article{1961.Goldstone,
    author = {Goldstone, J.},
    affiliation = {CERN Geneva},
    title = {Field theories with superconductor solutions},
    journal = {Il Nuovo Cimento (1955-1965)},
    publisher = {Italian Physical Society},
    issn = {1827-6121},
    pages = {154-164},
    volume = "{19}",
    issue = {1},
    note = {10.1007/BF02812722},
    year = {1961}
}
    url = {http://dx.doi.org/10.1007/BF02812722},

@article{1961.Glashow.Partial-symmetries,
    author         = "Glashow, S.L.",
    title          = "{Partial symmetries of weak interactions}",
    journal        = "Nucl.Phys.",
    volume         = "{22}",
    pages          = "579-588",
    doi            = "10.1016/0029-5582(61)90469-2",
    year           = "1961",
    SLACcitation   = "%%CITATION = NUPHA,22,579;%%",
}

@article{1962.Goldstone-Salam-Weinberg.Broken-Symmetries,
    author = {{Goldstone}, J. and {Salam}, A. and {Weinberg}, S.},
    title = "{Broken symmetries}",
    journal = {Physical Review},
    year = 1962,
    volume = "{127}",
    pages = {965-970},
    doi = {10.1103/PhysRev.127.965},
}
    adsurl = {http://adsabs.harvard.edu/abs/1962PhRv..127..965G},
    adsnote = {Provided by the SAO/NASA Astrophysics Data System}
    month = aug,

AGS
@article{1962.Lederman.discovery_of_2nd_neutrino_flavor,
    author = {Danby, G. and Gaillard, J-M. and Goulianos, K. and Lederman, L. M. and Mistry, N. and Schwartz, M. and Steinberger, J.},
    title = {Observation of high-energy neutrino reactions and the existence of two kinds of neutrinos},
    journal = {Phys. Rev. Lett.},
    volume = "{9}",
    pages = {36--44},
    year = {1962},
    doi = {10.1103/PhysRevLett.9.36},
    publisher = {American Physical Society}
}
    issue = {1},
    url = {http://link.aps.org/doi/10.1103/PhysRevLett.9.36},
    month = {Jul},

@article{1963.Cabibbo,
    author = {{Cabibbo}, N.},
    title = "{Unitary symmetry and leptonic decays}",
    journal = {Physical Review Letters},
    year = 1963,
    volume = "{10}",
    pages = {531-533},
    doi = {10.1103/PhysRevLett.10.531},
}
    adsurl = {http://adsabs.harvard.edu/abs/1963PhRvL..10..531C},
    adsnote = {Provided by the SAO/NASA Astrophysics Data System}
    month = jun,

@article{1963.Wichmann.cluster-decomposition,
    author = {Wichmann, Eyvind H. and Crichton, James H.},
    title = {Cluster decomposition properties of the S matrix},
    journal = {Phys. Rev.},
    volume = {132},
    issue = {6},
    pages = {2788--2799},
    year = {1963},
    doi = {10.1103/PhysRev.132.2788},
    publisher = {American Physical Society}
}
    month = {Dec},
    url = {http://link.aps.org/doi/10.1103/PhysRev.132.2788},

@article{1964.Lee.Does-symmetry-breaking-imply-zero-mass,
   author = {{Klein}, A. and {Lee}, B.~W.},
    title = "{Does Spontaneous Breakdown of Symmetry Imply Zero-Mass Particles?}",
  journal = {Physical Review Letters},
     year = 1964,
   volume = "{12}",
    pages = {266-268},
      doi = {10.1103/PhysRevLett.12.266},
   adsurl = {http://adsabs.harvard.edu/abs/1964PhRvL..12..266K},
  adsnote = {Provided by the SAO/NASA Astrophysics Data System}
}

@article{1964.Salam-Ward.gauge-theory,
    title = {Gauge theory of elementary interactions},
    author = {Salam, Abdus and Ward, J. C.},
    journal = {Phys. Rev.},
    volume = {136},
    issue = {3B},
    pages = {763--768},
    year = {1964},
    doi = {10.1103/PhysRev.136.B763},
}
    month = {Nov},
    url = {http://link.aps.org/doi/10.1103/PhysRev.136.B763},
    publisher = {American Physical Society}

@article{1964.Salam-Ward.EM-and-weak,
    author         = "Salam, Abdus and Ward, John Clive",
    title          = "{Electromagnetic and weak interactions}",
    journal        = "Phys.Lett.",
    volume         = "{13}",
    pages          = "168-171",
    doi            = "10.1016/0031-9163(64)90711-5",
    year           = "1964",
    SLACcitation   = "%%CITATION = PHLTA,13,168;%%",
}

@article{1964.Englert.symmetry_breaking,
    author = {Englert, F. and Brout, R.},
    title = {Broken symmetry and the mass of gauge vector mesons},
    journal = {Phys. Rev. Lett.},
    volume = "{13}",
    issue = {9},
    pages = {321--323},
    year = {1964},
    doi = {10.1103/PhysRevLett.13.321},
    publisher = {American Physical Society}
}
    month = {Aug},
    url = {http://link.aps.org/doi/10.1103/PhysRevLett.13.321},

@article{1964.Higgs.Broken_Symmetries_1,
    author = "P.W. Higgs",
    title = "Broken symmetries, massless particles and gauge fields",
    journal = "Physics Letters",
    volume = "{12}",
    pages = "132--133",
    year = "1964",
    note = "",
    issn = "0031-9163",
    doi = "10.1016/0031-9163(64)91136-9",
}
    number = "2",
    url = "http://www.sciencedirect.com/science/article/pii/0031916364911369",

@article{1964.Higgs.Broken_Symmetries_2,
    author = {Higgs, Peter W.},
    title = {Broken symmetries and the masses of gauge bosons},
    journal = {Phys. Rev. Lett.},
    volume = "{13}",
    issue = {16},
    pages = {508--509},
    year = {1964},
    doi = {10.1103/PhysRevLett.13.508},
    publisher = {American Physical Society}
}
    month = {Oct},
    url = {http://link.aps.org/doi/10.1103/PhysRevLett.13.508},


@article{1964.Guralnik-Hagen-Kibble.symmetry_breaking,
    author = {Guralnik, G. S. and Hagen, C. R. and Kibble, T. W. B.},
    title = {Global conservation laws and massless particles},
    journal = {Phys. Rev. Lett.},
    volume = "{13}",
    issue = {20},
    pages = {585--587},
    year = {1964},
    doi = {10.1103/PhysRevLett.13.585},
    publisher = {American Physical Society}
}
    month = {Nov},
    url = {http://link.aps.org/doi/10.1103/PhysRevLett.13.585},

@article{1964.Gell-Mann.quarks,
    author = "M. Gell-Mann",
    title = "A schematic model of baryons and mesons",
    journal = "Physics Letters",
    volume = "{8}",
    pages = "214-215",
    year = "1964",
    note = "",
    issn = "0031-9163",
    doi = "10.1016/S0031-9163(64)92001-3",
}
    number = "3",
    url = "http://www.sciencedirect.com/science/article/pii/S0031916364920013",

@article{1964.Barnes.discovery_of_omega,
    author = "{V. E. Barnes~$et~al.$}",
    title = {Observation of a hyperon with strangeness minus three},
    journal = {Phys. Rev. Lett.},
    volume = "{12}",
    pages = {204--206},
    year = {1964},
    doi = {10.1103/PhysRevLett.12.204},
}
    publisher = {American Physical Society}
    url = {http://link.aps.org/doi/10.1103/PhysRevLett.12.204},
    issue = {8},
    month = {Feb},

@article{1964.Cronin-Fitch.CP-violation-in-kaons,
    title = {Evidence for the $2$\pi${}$ Decay of the $K_{2}^{0}$ Meson},
    author = {Christenson, J. H. and Cronin, J. W. and Fitch, V. L. and Turlay, R.},
    journal = {Phys. Rev. Lett.},
    volume = "{13}",
    issue = {4},
    pages = {138--140},
    year = {1964},
    doi = {10.1103/PhysRevLett.13.138},
}
    publisher = {American Physical Society}
    url = {http://link.aps.org/doi/10.1103/PhysRevLett.13.138},
    month = {Jul},

@article{1964.Bell.on-EPR,
    title = {On the Einstein Podolsky Rosen paradox},
    author = {Bell, J. S.},
    journal = {Physics},
    volume = "{1}",
    issue = {3},
    pages = {195},
    year = {1964},
}

@article{1964.Zweig.aces-1,
    author       = "Zweig, G",
    title        = "An SU$_3$ model for strong interaction symmetry and its
                    breaking; Part I",
    number       = "CERN-TH-401",
    pages        = "24 p",
    month        = "Jan",
    year         = "1964",
}

@article{1964.Zweig.aces-2,
      author       = "Zweig, G",
      title        = "An SU$_3$ model for strong interaction symmetry and its
                      breaking; Part II",
      number       = "CERN-TH-412",
      pages        = "80 p",
      month        = "Feb",
      year         = "1964",
}

proposal of charm (not supported until GIM)
@article{1964.Bjorken-Glashow.SU4,
    author = {{Bj{\o}rken}, B.~J. and {Glashow}, S.~L.},
    title = "{Elementary particles and SU(4)}",
    journal = {Physics Letters},
    year = 1964,
    volume = "{11}",
    pages = {255-257},
    doi = {10.1016/0031-9163(64)90433-0},
}
    month = aug,
    adsurl = {http://adsabs.harvard.edu/abs/1964PhL....11..255B},
    adsnote = {Provided by the SAO/NASA Astrophysics Data System}

@article{1964.Greenberg.symmetry-of-hadrons,
   author = {{Greenberg}, O.~W.},
    title = "{Spin and unitary-spin independence in a paraquark model of baryons and mesons}",
  journal = {Physical Review Letters},
     year = 1964,
   volume = "{13}",
    pages = {598--602},
      doi = {10.1103/PhysRevLett.13.598},
}
    month = nov,
   adsurl = {http://adsabs.harvard.edu/abs/1964PhRvL..13..598G},
  adsnote = {Provided by the SAO/NASA Astrophysics Data System}

@article{1964.Bahcall.solar-neutrinos,
   author = {{Bahcall}, J.~N.},
    title = "{Solar Neutrinos. I. Theoretical}",
  journal = {Physical Review Letters},
     year = 1964,
   volume = "{12}",
    pages = {300--302},
      doi = {10.1103/PhysRevLett.12.300},
}
    month = mar,
   adsurl = {http://adsabs.harvard.edu/abs/1964PhRvL..12..300B},
  adsnote = {Provided by the SAO/NASA Astrophysics Data System}

@article{1964.Davis.solar-neutrinos,
    author = {{Davis}, R.},
    title = "{Solar Neutrinos. II. Experimental}",
    journal = {Physical Review Letters},
    year = 1964,
    volume = "{12}",
    pages = {303-305},
    doi = {10.1103/PhysRevLett.12.303},
}
    month = mar,
    adsurl = {http://adsabs.harvard.edu/abs/1964PhRvL..12..303D},
    adsnote = {Provided by the SAO/NASA Astrophysics Data System}

@article{1965.Han-Nambu.Propose-color,
    author = {Han, M. Y. and Nambu, Y.},
    title = {Three-triplet model with double $\mathrm{SU}(3)$ symmetry},
    journal = {Phys. Rev.},
    volume = "{139}",
    issue = {4B},
    pages = {B1006--B1010},
    year = {1965},
    doi = {10.1103/PhysRev.139.B1006},
    publisher = {American Physical Society},
}
    month = {Aug},
    url = {http://link.aps.org/doi/10.1103/PhysRev.139.B1006},

@article{1966.Taylor.cluster-decomposition,
    title = {Cluster decomposition of S matrix elements},
    author = {Taylor, John R.},
    journal = {Phys. Rev.},
    volume = "{142}",
    issue = {4},
    pages = {1236--1245},
    year = {1966},
    doi = {10.1103/PhysRev.142.1236},
}
    url = {http://link.aps.org/doi/10.1103/PhysRev.142.1236},
    publisher = {American Physical Society}
    month = {Feb},

@article{1966.Bahcall.solar-neutrinos,
   author = {{Bahcall}, J.~N.},
    title = "{Solar Neutrinos}",
  journal = {Physical Review Letters},
     year = 1966,
   volume = "{17}",
    pages = {398-401},
      doi = {10.1103/PhysRevLett.17.398},
}
    month = aug,
   adsurl = {http://adsabs.harvard.edu/abs/1966PhRvL..17..398B},
  adsnote = {Provided by the SAO/NASA Astrophysics Data System}

@article{1967.Coleman-Mandula,
    author = {{Coleman}, S. and {Mandula}, J.},
    title = "{All possible symmetries of the S-matrix}",
    journal = {Physical Review},
    year = 1967, 
    volume = "{159}",
    pages = {1251-1256},
    doi = {10.1103/PhysRev.159.1251},
}
    month = jul,            
    adsurl = {http://adsabs.harvard.edu/abs/1967PhRv..159.1251C},
    adsnote = {Provided by the SAO/NASA Astrophysics Data System}

@article{1967.Weinberg.A_model_of_leptons,
    title = {A model of leptons},
    author = {Weinberg, Steven},
    journal = {Phys. Rev. Lett.},
    volume = "{19}",
    issue = {21},
    pages = {1264--1266},
    year = {1967},
    doi = {10.1103/PhysRevLett.19.1264},
    publisher = {American Physical Society}
}
    month = {Nov},
    url = {http://link.aps.org/doi/10.1103/PhysRevLett.19.1264},

@article{1968.Salam.weak-and-EM,
    author         = "Salam, Abdus",
    title          = "{Weak and electromagnetic interactions}",
    journal        = "{Svartholm: Elementary Particle Theory, Proceedings Of The Nobel Symposium Held 1968 At Lerum, Sweden, Stockholm}",
    pages          = "367-377",
    year           = "1968",
}

@book{1967.Wigner.symmetries-reflections,
    author = {Wigner, E.},
    title = {Symmetries and reflections: scientific essays of Eugene P. Wigner},
    journal = {Communications on Pure and Applied Mathematics},
    year = {1967},
    publisher = {Indiana University Press},
}

@article{1967.Sakharov.CP-conditions-baryon-assymmetry,
   author = {{Sakharov}, A.~D.},
    title = "{Violation of CP in variance, C asymmetry, and baryon asymmetry of the universe}",
  journal = {Journal of Experimental and Theoretical Physics},
     year = 1967,
   volume = "{5}",
    pages = {24--27},
      doi = {10.1070/PU1991v034n05ABEH002497},
     note = "Republished in Soviet Physics Uspekhi 34 (5): 392--393",
}
  journal = {Soviet Physics Uspekhi},
    month = may,
   adsurl = {http://adsabs.harvard.edu/abs/1991SvPhU..34..392S},
  adsnote = {Provided by the SAO/NASA Astrophysics Data System}

@article{1962.MNS.neutrino-matrix,
    author = {{Maki}, Z. and {Nakagawa}, M. and {Sakata}, S.},
    title = "{Remarks on the unified model of elementary particles}",
    journal = {Progress of Theoretical Physics},
    year = 1962,
    volume = "{28}",
    pages = {870--880},
    doi = {10.1143/PTP.28.870},
}
    month = nov,
    adsurl = {http://adsabs.harvard.edu/abs/1962PThPh..28..870M},
    adsnote = {Provided by the SAO/NASA Astrophysics Data System}

@article{1968.Pontecorvo.neutrino-oscillation,
    author = {{Pontecorvo}, B.},
    title = "{Neutrino experiments and the problem of conservation of leptonic charge}",
    journal = {Soviet Journal of Experimental and Theoretical Physics},
    year = 1968,
    volume = "{26}",
    pages = {984},
}
    month = may,
    adsurl = {http://adsabs.harvard.edu/abs/1968JETP...26..984P},
    adsnote = {Provided by the SAO/NASA Astrophysics Data System}

@article{1968.Davis.Homestake-solar-neutrinos,
    title = {Search for Neutrinos from the Sun},
    author = {Davis, Raymond and Harmer, Don S. and Hoffman, Kenneth C.},
    journal = {Phys. Rev. Lett.},
    volume = "{20}",
    issue = {21},
    pages = {1205--1209},
    year = {1968},
    doi = {10.1103/PhysRevLett.20.1205},
}
    month = {May},
    publisher = {American Physical Society}
    url = {http://link.aps.org/doi/10.1103/PhysRevLett.20.1205},

@article{1969.Lee.renormalization-sigma-model,
   author = {{Lee}, B.~W.},
    title = "{Renormalization of the {$\sigma$}-model}",
  journal = {Nuclear Physics B},
     year = 1969,
   volume = "{9}",
    pages = {649--672},
      doi = {10.1016/0550-3213(69)90065-0},
   adsurl = {http://adsabs.harvard.edu/abs/1969NuPhB...9..649L},
  adsnote = {Provided by the SAO/NASA Astrophysics Data System}
}
    month = mar,

@article{1969.Bloom.e-p-SLAC-quarks,
    title = {High-energy inelastic $e-p$ scattering at $6^\circ$ and $10^\circ$},
    author = {Bloom, E. D. and Coward, D. H. and DeStaebler, H. and Drees, J.
        and Miller, G. and Mo, L. W. and Taylor, R. E. and Breidenbach, M.
        and Friedman, J. I. and Hartmann, G. C. and Kendall, H. W.},
    journal = {Phys. Rev. Lett.},
    volume = "{23}",
    issue = {16},
    pages = {930--934},
    year = {1969},
    doi = {10.1103/PhysRevLett.23.930},
}
    month = {Oct},
    url = {http://link.aps.org/doi/10.1103/PhysRevLett.23.930},
    publisher = {American Physical Society}

@article{1969.Breidenbach.e-p-SLAC-quarks,
    title = {Observed behavior of highly inelastic electron-proton scattering},
    author = {Breidenbach, M. and Friedman, J. I. and Kendall, H. W. and Bloom, E. D.
        and Coward, D. H. and DeStaebler, H. and Drees, J. and Mo, L. W. and Taylor, R. E.},
    journal = {Phys. Rev. Lett.},
    volume = "{23}",
    issue = {16},
    pages = {935--939},
    year = {1969},
    doi = {10.1103/PhysRevLett.23.935},
}
    month = {Oct},
    url = {http://link.aps.org/doi/10.1103/PhysRevLett.23.935},
    publisher = {American Physical Society}

@article{1969.Feynman.partons,
    title = {Very High-Energy Collisions of Hadrons},
    author = {Feynman, Richard P.},
    journal = {Phys. Rev. Lett.},
    volume = {23},
    issue = {24},
    pages = {1415--1417},
    year = {1969},
    doi = {10.1103/PhysRevLett.23.1415},
    publisher = {American Physical Society}
}
    month = {Dec},
    url = {http://link.aps.org/doi/10.1103/PhysRevLett.23.1415},

@article{1969.Bjorken.asymptotic-freedom,
  title = {Asymptotic sum rules at infinite momentum},
  author = {Bjorken, J. D.},
  journal = {Phys. Rev.},
  volume = {179},
  issue = {5},
  pages = {1547--1553},
  year = {1969},
  doi = {10.1103/PhysRev.179.1547},
}
  month = {Mar},
  url = {http://link.aps.org/doi/10.1103/PhysRev.179.1547},
  publisher = {American Physical Society}

@article{1969.Bjorken-Paschos,
    title = {Inelastic electron-proton and $\gamma$-proton scattering
        and the structure of the nucleon},
    author = {Bjorken, J. D. and Paschos, E. A.},
    journal = {Phys. Rev.},
    volume = {185},
    issue = {5},
    pages = {1975--1982},
    year = {1969},
    doi = {10.1103/PhysRev.185.1975},
    publisher = {American Physical Society}
}
    month = {Sep},
    url = {http://link.aps.org/doi/10.1103/PhysRev.185.1975},

@article{1970.Glashow.charm-GIM,
    author = {Glashow, S. L. and Iliopoulos, J. and Maiani, L.},
    title = {Weak interactions with lepton-hadron symmetry},
    journal = {Phys. Rev. D},
    volume = "{2}",
    pages = {1285--1292},
    year = {1970},
    doi = {10.1103/PhysRevD.2.1285},
    publisher = {American Physical Society}
}
    url = {http://link.aps.org/doi/10.1103/PhysRevD.2.1285},
    issue = {7},
    month = {Oct},

@article{1970.Drell-Yan,
    title = {Massive lepton-pair production in hadron-hadron
        collisions at high energies},
    author = {Drell, Sidney D. and Yan, Tung-Mow},
    journal = {Phys. Rev. Lett.},
    volume = {25},
    issue = {5},
    pages = {316--320},
    year = {1970},
    doi = {10.1103/PhysRevLett.25.316},
    publisher = {American Physical Society}
}
    month = {Aug},
    url = {http://link.aps.org/doi/10.1103/PhysRevLett.25.316},

@article{1971.tHooft.renormalization-massless-Yang-Mills,
    author = "{G.~'t~Hooft}",
    title = "Renormalization of massless Yang-Mills fields",
    journal = "Nuclear Physics B",
    volume = "{33}",
    pages = "173--199",
    year = "1971",
    issn = "0550-3213",
    doi = "10.1016/0550-3213(71)90395-6",
}
    number = "1",
    url = "http://www.sciencedirect.com/science/article/pii/0550321371903956",

@article{1971.tHooft.renormalization-massive-Yang-Mills,
    author = "{G.~'t~Hooft}",
    title = "Renormalizable Lagrangians for massive Yang-Mills fields",
    journal = "Nuclear Physics B",
    volume = "{35}",
    pages = "167--188",
    year = "1971",
    issn = "0550-3213",
    doi = "10.1016/0550-3213(71)90139-8",
}
    number = "1",
    url = "http://www.sciencedirect.com/science/article/pii/0550321371901398",

@article{1971.Wilson.renormalization-group-1,
    author         = "Wilson, Kenneth G.",
    title          = "{Renormalization group and critical phenomena. 1.
                      Renormalization group and the Kadanoff scaling picture}",
    journal        = "Phys.Rev.B",
    volume         = "{4}",
    pages          = "3174--3183",
    doi            = "10.1103/PhysRevB.4.3174",
    SLACcitation   = "%%CITATION = PHRVA,B4,3174;%%",
}

@article{1971.Wilson.renormalization-group-2,
    author         = "Wilson, Kenneth G.",
    title          = "{Renormalization group and critical phenomena. 2. Phase
                      space cell analysis of critical behavior}",
    journal        = "Phys.Rev.B",
    volume         = "{4}",
    pages          = "3184--3205",
    doi            = "10.1103/PhysRevB.4.3184",
    year           = "1971",
    SLACcitation   = "%%CITATION = PHRVA,B4,3184;%%",
}

@article{1972.tHooft-Veltman.regularization_and_renormalization,
    author = "{G.~'t~Hooft and M. Veltman}",
    title = "Regularization and renormalization of gauge fields",
    journal = "Nuclear Physics B",
    volume = "{44}",
    pages = "189 - 213",
    year = "1972",
    note = "",
    issn = "0550-3213",
    doi = "10.1016/0550-3213(72)90279-9",
}
    number = "1",
    url = "http://www.sciencedirect.com/science/article/pii/0550321372902799",

first violation of Bell's inequality
@article{1972.Freedman-Clauser.test-local-hidden-variables,
    author = {{Freedman}, S.~J. and {Clauser}, J.~F.},
    title = "{Experimental Test of Local Hidden-Variable Theories}",
    journal = {Physical Review Letters},
    year = 1972,
    volume = "{28}",
    pages = {938-941},
    doi = {10.1103/PhysRevLett.28.938},
}
    month = apr,
    adsurl = {http://adsabs.harvard.edu/abs/1972PhRvL..28..938F},
    adsnote = {Provided by the SAO/NASA Astrophysics Data System}

one of the 3 DGLAP papers
@article{1972.Gribov-Lipatov,
      author         = "Gribov, V.N. and Lipatov, L.N.",
      title          = "{Deep inelastic $e$-$p$ scattering in perturbation theory}",
      journal        = "Sov.J.Nucl.Phys.",
      volume         = "{15}",
      pages          = "438-450",
      year           = "1972",
      reportNumber   = "IPTI-381-71",
      SLACcitation   = "%%CITATION = SJNCA,15,438;%%",
}

@article{1973.Weinberg.SM-with-QCD,
    title = {Non-abelian gauge theories of the strong interactions},
    author = {Weinberg, Steven},
    journal = {Phys. Rev. Lett.},
    volume = {31},
    issue = {7},
    pages = {494--497},
    year = {1973},
    doi = {10.1103/PhysRevLett.31.494},
}
    month = {Aug},
    url = {http://link.aps.org/doi/10.1103/PhysRevLett.31.494},
    publisher = {American Physical Society}

@article{1973.Kobayashi.CKM,
    author = {{Kobayashi}, M. and {Maskawa}, T.},
    title = "{CP-Violation in the renormalizable theory of weak interaction}",
    journal = {Progress of Theoretical Physics},
    year = 1973,
    volume = "{49}",
    pages = {652-657},
    doi = {10.1143/PTP.49.652},
}
    adsurl = {http://adsabs.harvard.edu/abs/1973PThPh..49..652K},
    adsnote = {Provided by the SAO/NASA Astrophysics Data System}
    month = feb,


@article{1973.Gross-Wilczek.Asymptotic_freedom_0,
    title = {Ultraviolet behavior of non-abelian gauge theories},
    author = {Gross, David J. and Wilczek, Frank},
    journal = {Phys. Rev. Lett.},
    volume = "{30}",
    issue = {26},
    pages = {1343--1346},
    year = {1973},
    doi = {10.1103/PhysRevLett.30.1343},
    publisher = {American Physical Society}
}
    url = {http://link.aps.org/doi/10.1103/PhysRevLett.30.1343},
    month = {Jun},

@article{1973.Politzer.perturbative-qcd,
    title = {Reliable perturbative results for strong interactions?},
    author = {Politzer, H. David},
    journal = {Phys. Rev. Lett.},
    volume = "{30}",
    issue = {26},
    pages = {1346--1349},
    year = {1973},
    doi = {10.1103/PhysRevLett.30.1346},
    publisher = {American Physical Society}
}
    month = {Jun},
    url = {http://link.aps.org/doi/10.1103/PhysRevLett.30.1346},

@article{1973.Gross-Wilczek.Asymptotic_freedom_1,
    title = {Asymptotically free gauge theories. I},
    author = {Gross, David J. and Wilczek, Frank},
    journal = {Phys. Rev. D},
    volume = "{8}",
    issue = {10},
    pages = {3633--3652},
    year = {1973},
    doi = {10.1103/PhysRevD.8.3633},
    publisher = {American Physical Society}
}
    month = {Nov},
    url = {http://link.aps.org/doi/10.1103/PhysRevD.8.3633},

@article{1974.Gross-Wilczek.Asymptotic_freedom_2,
    title = {Asymptotically free gauge theories. II},
    author = {Gross, David J. and Wilczek, Frank},
    journal = {Phys. Rev. D},
    volume = "{9}",
    issue = {4},
    pages = {980--993},
    year = {1974},
    doi = {10.1103/PhysRevD.9.980},
    publisher = {American Physical Society}
}
    month = {Feb},
    url = {http://link.aps.org/doi/10.1103/PhysRevD.9.980},

Gargamelle - discovery of weak neutral currents
@article{1973.Gargamelle.discovery-weak-neutral-currents-1,
    author = "{F. J. Hasert~$et~al.$}",
    title = "Observation of neutrino-like interactions without muon or electron in the Gargamelle neutrino experiment",
    journal = "Physics Letters B",
    volume = "{46}",
    pages = "138-140",
    year = "1973",
    issn = "0370-2693",
    doi = "10.1016/0370-2693(73)90499-1",
}
    url = "http://www.sciencedirect.com/science/article/pii/0370269373904991",
    number = "1",

Gargamelle - discovery of weak neutral currents
@article{1974.Gargamelle.discovery-weak-neutral-currents-2,
    author = "{F. J. Hasert~$et~al.$}",
    title = "Observation of neutrino-like interactions without muon or electron in the Gargamelle neutrino experiment",
    journal = "Nuclear Physics B",
    volume = "{73}",
    pages = "1 - 22",
    year = "1974",
    issn = "0550-3213",
    doi = "10.1016/0550-3213(74)90038-8",
}
    url = "http://www.sciencedirect.com/science/article/pii/0550321374900388",
    number = "1",
}

@article{1974.BNL.discovery-of-JPsi,
    author = "{J. Aubert~$et~al.$}",
    title = {Experimental observation of a heavy particle $J$},
    journal = {Phys. Rev. Lett.},
    volume = "{33}",
    issue = {23},
    pages = {1404--1406},
    year = {1974},
    doi = {10.1103/PhysRevLett.33.1404},
    publisher = {American Physical Society}
}
    author = {Aubert, J. J. and Becker, U. and Biggs, P. J. and Burger, J. and Chen, M. and Everhart, G. and Goldhagen, P. and Leong, J. and McCorriston, T. and Rhoades, T. G. and Rohde, M. and Ting, Samuel C. C. and Wu, Sau Lan and Lee, Y. Y.},
    url = {http://link.aps.org/doi/10.1103/PhysRevLett.33.1404},
    month = {Dec},

@article{1974.SLAC.discovery-of-JPsi,
    author = "{J. Augustin~$et~al.$}",
    title = {Discovery of a narrow resonance in ${e}^{+}{e}^{-}$ annihilation},
    journal = {Phys. Rev. Lett.},
    volume = "{33}",
    pages = {1406--1408},
    year = {1974},
    doi = {10.1103/PhysRevLett.33.1406},
    publisher = {American Physical Society}
}
    author = {Augustin, J. -E. and Boyarski, A. M. and Breidenbach, M. and Bulos, F. and Dakin, J. T. and Feldman, G. J. and Fischer, G. E. and Fryberger, D. and Hanson, G. and Jean-Marie, B. and Larsen, R. R. and L\"uth, V. and Lynch, H. L. and Lyon, D. and Morehouse, C. C. and Paterson, J. M. and Perl, M. L. and Richter, B. and Rapidis, P. and Schwitters, R. F. and Tanenbaum, W. M. and Vannucci, F. and Abrams, G. S. and Briggs, D. and Chinowsky, W. and Friedberg, C. E. and Goldhaber, G. and Hollebeek, R. J. and Kadyk, J. A. and Lulu, B. and Pierre, F. and Trilling, G. H. and Whitaker, J. S. and Wiss, J. and Zipse, J. E.},
    issue = {23},
    month = {Dec},
    url = {http://link.aps.org/doi/10.1103/PhysRevLett.33.1406},

@article{1974.Merli.electron-Young-double-slit,
    author={P G Merli and G F Missiroli and G Pozzi},
    title={Electron interferometry with the Elmiskop 101 electron microscope},
    journal={Journal of Physics E: Scientific Instruments},
    volume={7},
    number={9},
    pages={729},
    year={1974},
}
    url={http://stacks.iop.org/0022-3735/7/i=9/a=016},

@article{1974.Wilson.confinement,
    title = {Confinement of quarks},
    author = {Wilson, Kenneth G.},
    journal = {Phys. Rev. D},
    volume = "{10}",
    issue = {8},
    pages = {2445--2459},
    year = {1974},
    doi = {10.1103/PhysRevD.10.2445},
    publisher = {American Physical Society}
}
    month = {Oct},
    url = {http://link.aps.org/doi/10.1103/PhysRevD.10.2445},

@article{1974.Wilson.renormalization-group,
    title = "The renormalization group and the $\varepsilon$ expansion",
    journal = "Physics Reports",
    volume = "{12}",
    number = "2",
    pages = "75--199",
    year = "1974",
    note = "",
    issn = "0370-1573",
    doi = "10.1016/0370-1573(74)90023-4",
    author = "Kenneth G. Wilson and J. Kogut"
}
    url = "http://www.sciencedirect.com/science/article/pii/0370157374900234",

@article{1974.Georgi.unity_of_all,
   author = {{Georgi}, H. and {Glashow}, S.~L.},
    title = "{Unity of all elementary-particle forces}",
  journal = {Physical Review Letters},
     year = 1974,
   volume = "{32}",
    pages = {438-441},
      doi = {10.1103/PhysRevLett.32.438},
}
    month = feb,
   adsurl = {http://adsabs.harvard.edu/abs/1974PhRvL..32..438G},
  adsnote = {Provided by the SAO/NASA Astrophysics Data System}

@article{1974.Georgi.hierarchy_and_GUTs,
   author = {{Georgi}, H. and {Quinn}, H.~R. and {Weinberg}, S.},
    title = "{Hierarchy of interactions in unified gauge theories}",
  journal = {Physical Review Letters},
     year = 1974,
   volume = "{33}",
    pages = {451-454},
      doi = {10.1103/PhysRevLett.33.451},
}
    month = aug,
   adsurl = {http://adsabs.harvard.edu/abs/1974PhRvL..33..451G},
  adsnote = {Provided by the SAO/NASA Astrophysics Data System}

@article{1975.Haag-Lopuszansi-Sohni,
    author = {{Haag}, R. and {Lopusza{\'n}ski}, J.~T. and {Sohnius}, M.},
    title = "{All possible generators of supersymmetries of the S-matrix}",
    journal = {Nuclear Physics B},
    year = 1975,
    volume = "{88}",
    pages = {257-274},
    doi = {10.1016/0550-3213(75)90279-5},
}
    month = mar,
    adsurl = {http://adsabs.harvard.edu/abs/1975NuPhB..88..257H},
    adsnote = {Provided by the SAO/NASA Astrophysics Data System}

@article{1975.Perl.discovery_of_tau_1,
    author = "{M. L. Perl~$et~al.$}",
    title = {Evidence for anomalous lepton production in ${e}^{+}{e}^{-}$ annihilation},
    journal = {Phys. Rev. Lett.},
    volume = "{35}",
    pages = {1489--1492},
    year = {1975},
    doi = {10.1103/PhysRevLett.35.1489},
    publisher = {American Physical Society}
}
    author = {Perl, M. L. and Abrams, G. S. and Boyarski, A. M. and Breidenbach, M. and Briggs, D. D. and Bulos, F. and Chinowsky, W. and Dakin, J. T. and Feldman, G. J. and Friedberg, C. E. and Fryberger, D. and Goldhaber, G. and Hanson, G. and Heile, F. B. and Jean-Marie, B. and Kadyk, J. A. and Larsen, R. R. and Litke, A. M. and L\"uke, D. and Lulu, B. A. and L\"uth, V. and Lyon, D. and Morehouse, C. C. and Paterson, J. M. and Pierre, F. M. and Pun, T. P. and Rapidis, P. A. and Richter, B. and Sadoulet, B. and Schwitters, R. F. and Tanenbaum, W. and Trilling, G. H. and Vannucci, F. and Whitaker, J. S. and Winkelmann, F. C. and Wiss, J. E.},
    url = {http://link.aps.org/doi/10.1103/PhysRevLett.35.1489},
    issue = {22},
    month = {Dec},

@article{1976.Perl.discovery_of_tau_2,
    author = "{M. L. Perl~$et~al.$}",
    title = "Properties of anomalous $e\mu$ events produced in $e^{+}e^{-}$ annihilation",
    journal = "Physics Letters B",
    volume = "{63}",
    pages = "466-470",
    year = "1976",
    issn = "0370-2693",
    doi = "10.1016/0370-2693(76)90399-3",
}
    author = "M.L. Perl and G.J. Feldman and G.S. Abrams and M.S. Alam and A.M. Boyarski and M. Breidenbach and F. Bulos and W. Chinowsky and J. Dorfan and C.E. Friedberg and G. Goldhaber and G. Hanson and F.B. Heile and J.A. Jaros and J.A. Kadyk and R.R. Larsen and A.M. Litke and D. L√É¬ºke and B.A. Lulu and V. L√É¬ºth and R.J. Madaras and C.C. Morehouse and H.K. Nguyen and J.M. Paterson and I. Peruzzi and M. Piccolo and F.M. Pierre and T.P. Pun and P. Rapidis and B. Richter and B. Sadoulet and R.F. Schwitters and W. Tanembaum and G.H. Trilling and F. Vannucci and J.S. Whitaker and J.E. Wiss"
    number = "4",
    url = "http://www.sciencedirect.com/science/article/pii/0370269376903993",

@article{1977.Perl.discovery_of_tau_3,
    author = "{M. L. Perl~$et~al.$}",
    title          = "{Properties of the proposed tau charged lepton}",
    journal        = "Physics Letters B",
    volume         = "{70}",
    pages          = "487",
    doi            = "10.1016/0370-2693(77)90421-X",
    year           = "1977",
    reportNumber   = "SLAC-PUB-1997, LBL-6731",
    SLACcitation   = "%%CITATION = PHLTA,B70,487;%%",
}
    author         = "Perl, Martin L. and Feldman, G.J. and Abrams, G.S. and
                      Alam, M.S. and Boyarski, A. and others",

E288 experiment at Fermilab, Leon Lederman et al.
@article{1977.Herb.discovery_of_b-quark,
    author = "{W. S. Herb~$et~al.$}",
    title = {Observation of a dimuon resonance at 9.5 GeV in 400 GeV proton-nucleus collisions},
    journal = {Phys. Rev. Lett.},
    volume = "{39}",
    issue = {5},
    pages = {252--255},
    year = {1977},
    doi = {10.1103/PhysRevLett.39.252},
    publisher = {American Physical Society}
}
    month = {Aug},
    url = {http://link.aps.org/doi/10.1103/PhysRevLett.39.252},
    author = {Herb, S. W. and Hom, D. C. and Lederman, L. M. and Sens, J. C. and Snyder, H. D. and Yoh, J. K. and Appel, J. A. and Brown, B. C. and Brown, C. N. and Innes, W. R. and Ueno, K. and Yamanouchi, T. and Ito, A. S. and J\"ostlein, H. and Kaplan, D. M. and Kephart, R. D.},

one of the 3 DGLAP papers
@article{1977.Altarelli-Parisi,
      author         = "Altarelli, Guido and Parisi, G.",
      title          = "{Asymptotic freedom in parton language}",
      journal        = "Nucl.Phys.B",
      volume         = "{126}",
      pages          = "298",
      doi            = "10.1016/0550-3213(77)90384-4",
      year           = "1977",
      reportNumber   = "LPTENS-77-6",
      SLACcitation   = "%%CITATION = NUPHA,B126,298;%%",
}

one of the 3 DGLAP papers
@article{1977.Dokshitzer,
      author         = "Dokshitzer, Yuri L.",
      title          = "{Calculation of the structure functions for deep
                        inelastic scattering and $e^{+}e^{-}$ annihilation by
                        perturbation theory in quantum chromodynamics.}",
      journal        = "Sov.Phys.JETP",
      volume         = "{46}",
      pages          = "641-653",
      year           = "1977",
      SLACcitation   = "%%CITATION = SPHJA,46,641;%%",
}

@article{1977.Sterman-Weinberg.Jets-from-QCD,
    title = {Jets from quantum chromodynamics},
    author = {Sterman, George and Weinberg, Steven},
    journal = {Phys. Rev. Lett.},
    volume = "{39}",
    issue = {23},
    pages = {1436--1439},
    year = {1977},
    doi = {10.1103/PhysRevLett.39.1436},
    publisher = {American Physical Society}
}
    month = {Dec},
    url = {http://link.aps.org/doi/10.1103/PhysRevLett.39.1436},

BFKL PDF evolution equations
@article{1977.Kuraev.BFKL-equations,
    author         = "Kuraev, E.A. and Lipatov, L.N. and Fadin, Victor S.",
    title          = "{The Pomeranchuk singularity in nonabelian gauge theories}",
    journal        = "Sov.Phys.JETP",
    volume         = "{45}",
    pages          = "199-204",
    year           = "1977",
    SLACcitation   = "%%CITATION = SPHJA,45,199;%%",
}

BFKL PDF evolution equations
@article{1978.Balitsky.BFKL-equations,
    author         = "Balitsky, I.I. and Lipatov, L.N.",
    title          = "{The Pomeranchuk singularity in quantum chromodynamics}",
    journal        = "Sov.J.Nucl.Phys.",
    volume         = "{28}",
    pages          = "822-829",
    year           = "1978",
    SLACcitation   = "%%CITATION = SJNCA,28,822;%%",
}

MSW effect
@article{1978.Wolfenstein.neutrino-oscillations-in-matter,
    title = {Neutrino oscillations in matter},
    author = {Wolfenstein, L.},
    journal = {Phys. Rev. D},
    volume = "{17}",
    issue = {9},
    pages = {2369--2374},
    year = {1978},
    doi = {10.1103/PhysRevD.17.2369},
}
    month = {May},
    url = {http://link.aps.org/doi/10.1103/PhysRevD.17.2369},
    publisher = {American Physical Society}

MSW effect
@article{1986.Mikheev-Smirnov.neutrino-oscillations-in-matter,
       author = {{Mikheev}, S.~P. and {Smirnov}, A.~I.},
       title = "{Resonant amplification of neutrino oscillations in matter and solar-neutrino spectroscopy}",
       journal = {Nuovo Cimento C Geophysics Space Physics C},
       year = 1986,
       volume = "{9}",
       pages = {17--26},
       doi = {10.1007/BF02508049},
}
       month = feb,
       adsurl = {http://adsabs.harvard.edu/abs/1986NCimC...9...17M},
       adsnote = {Provided by the SAO/NASA Astrophysics Data System}

@article{1979.Wu-Zobernig.three-jet-analysis,
    author         = "Wu, Sau Lan and Zobernig, Georg",
    title          = "{A method of three jet analysis in $e^{+}e^{-}$ annihilation}",
    journal        = "Z.Phys.",
    volume         = "{C2}",
    pages          = "107",
    doi            = "10.1007/BF01474124",
    year           = "1979",
    reportNumber   = "DESY 79/23",
    SLACcitation   = "%%CITATION = ZEPYA,C2,107;%%",
}

@article{1979.TASSO.three-jet-events,
    author         = "",
    collaboration  = "{TASSO}",
    title          = "{Evidence for planar events in $e^{+}e^{-}$ annihilation at high-energies}",
    journal = "Physics Letters B",
    volume         = "{86}",
    pages          = "243",
    doi            = "10.1016/0370-2693(79)90830-X",
    year           = "1979",
    reportNumber   = "DESY 79/53",
    SLACcitation   = "%%CITATION = PHLTA,B86,243;%%",
}

@article{1979.Weinberg.Phenomenological-Lagrangians,
    author = "Steven Weinberg",
    title = "Phenomenological Lagrangians",
    journal = "Physica A: Statistical Mechanics and its Applications",
    volume = "{96}",
    number = "1--2",
    pages = "327--340",
    year = "1979",
    doi = "10.1016/0378-4371(79)90223-1",
}

@article{1982.Aspect-1,
    title = {Experimental realization of Einstein-Podolsky-Rosen-Bohm
        \textit{gedankenexperiment}: A new violation of Bell's inequalities},
    author = {Aspect, Alain and Grangier, Philippe and Roger, G\'erard},
    journal = {Phys. Rev. Lett.},
    volume = "{49}",
    issue = {2},
    pages = {91--94},
    year = {1982},
    doi = {10.1103/PhysRevLett.49.91},
    publisher = {American Physical Society}
}
    month = {Jul},
    url = {http://link.aps.org/doi/10.1103/PhysRevLett.49.91},

@article{1982.Aspect-2,
  title = {Experimental test of Bell's inequalities using time-varying analyzers},
  author = {Aspect, Alain and Dalibard, Jean and Roger, G\'erard},
  journal = {Phys. Rev. Lett.},
  volume = "{49}",
  issue = {25},
  pages = {1804--1807},
  year = {1982},
  doi = {10.1103/PhysRevLett.49.1804},
  publisher = {American Physical Society}
}
  month = {Dec},
  url = {http://link.aps.org/doi/10.1103/PhysRevLett.49.1804},

[13] UA2 Collaboration. Phys. Lett. B 118 (1982) 203.
@article{1982.UA2.high-pt-jets,
    author         = "",
    collaboration  = "{UA2}",
    title = "Observation of very large transverse momentum jets at the CERN pp collider",
    journal = "Physics Letters B",
    volume = "{118}",
    pages = "203-210",
    year = "1982",
    issn = "0370-2693",
    doi = "10.1016/0370-2693(82)90629-3",
}
    url = "http://www.sciencedirect.com/science/article/pii/0370269382906293",

[15] UA1 Collaboration. Phys. Lett. B 122 (1983) 103.
@article{1983.UA1.Discovery-of-W,
    author         = "",
    collaboration  = "{UA1}",
    title          = "{Experimental observation of isolated large transverse
                      energy electrons with associated missing energy at
                      $\sqrt{s}$ = 540 GeV}",
    journal        = "Physics Letters B",
    volume         = "{122}",
    pages          = "103-116",
    doi            = "10.1016/0370-2693(83)91177-2",
    year           = "1983",
    reportNumber   = "CERN-EP-83-13",
    SLACcitation   = "%%CITATION = PHLTA,B122,103;%%",
}

[16] UA2 Collaboration. Phys. Lett. B 122 (1983) 476.
@article{1983.UA2.Discovery-of-W,
    author         = "",
    collaboration  = "{UA2}",
    title = "Observation of single isolated electrons of high transverse
        momentum in events with missing transverse energy at the CERN pp collider",
    journal = "Physics Letters B",
    volume = "{122}",
    pages = "476-485",
    year = "1983",
    issn = "0370-2693",
    doi = "10.1016/0370-2693(83)91605-2",
}
    url = "http://www.sciencedirect.com/science/article/pii/0370269383916052",

[14] UA1 Collaboration. Phys. Lett. B 123 (1983) 115.
@article{1983.UA1-high-pt-jets,
    author          = "",
    collaboration   = "{UA1}",
    title = "Observation of jets in high transverse energy events at the CERN proton antiproton collider",
    journal = "Physics Letters B",
    volume = "{123}",
    pages = "115-122",
    year = "1983",
    issn = "0370-2693",
    doi = "10.1016/0370-2693(83)90970-X",
}
    url = "http://www.sciencedirect.com/science/article/pii/037026938390970X",

@article{1983.UA1.Discovery-of-Z,
    author          = "",
    collaboration   = "{UA1}",
    title = "Experimental observation of lepton pairs of invariant mass around 95
        GeV/$c^{2}$ at the CERN SPS collider",
    journal = "Physics Letters B",
    volume = "{126}",
    pages = "398-410",
    year = "1983",
    note = "",
    issn = "0370-2693",
    doi = "10.1016/0370-2693(83)90188-0",
}

@article{1983.UA2.Discovery-of-Z,
    author          = "",
    collaboration   = "{UA2}",
    title = "Evidence for $Z^{0}\rightarrow e^{+}e^{-}$ at the CERN $pp$ collider",
    journal = "Physics Letters B",
    volume = "{129}",
    pages = "130-140",
    year = "1983",
    issn = "0370-2693",
    doi = "10.1016/0370-2693(83)90744-X",
}
    url = "http://www.sciencedirect.com/science/article/pii/037026938390744X",

[17] UA1 Collaboration. Phys. Lett. B 129 (1983) 273;
@article{1983.UA1.Further-evidence-of-W,
    author          = "",
    collaboration   = "{UA1}",
    title = "Further evidence for charged intermediate vector bosons at the SPS collider",
    journal = "Physics Letters B",
    volume = "{129}",
    pages = "273-282",
    year = "1983",
    issn = "0370-2693",
    doi = "10.1016/0370-2693(83)90860-2",
}
    url = "http://www.sciencedirect.com/science/article/pii/0370269383908602",

[18] UA1 Collaboration. Phys. Lett. B 134 (1984) 469.
@article{1984.UA1.Observation-of-Wmunu,
    author          = "",
    collaboration   = "{UA1}",
    title = "Observation of the muonic decay of the charged intermediate vector boson",
    journal = "Physics Letters B",
    volume = "{134}",
    pages = "469-476",
    year = "1984",
    issn = "0370-2693",
    doi = "10.1016/0370-2693(84)91387-X",
}
    url = "http://www.sciencedirect.com/science/article/pii/037026938491387X",

@article{1983.Wolfenstein.CKM_param,
   author = {{Wolfenstein}, L.},
    title = "{Parametrization of the Kobayashi-Maskawa Matrix}",
  journal = {Physical Review Letters},
 keywords = {Charge conjugation, parity, time reversal, and other discrete symmetries},
     year = 1983,
   volume = "{51}",
    pages = {1945--1947},
      doi = {10.1103/PhysRevLett.51.1945},
}
    month = nov,
   adsurl = {http://adsabs.harvard.edu/abs/1983PhRvL..51.1945W},
  adsnote = {Provided by the SAO/NASA Astrophysics Data System}

@article{1985.Collins.factorization-theorem,
    author = "John C. Collins and Davison E. Soper and George Sterman",
    title = "Factorization for short distance hadron-hadron scattering",
    journal = "Nuclear Physics B",
    volume = "{261}",
    pages = "104 - 142",
    year = "1985",
    note = "",
    issn = "0550-3213",
    doi = "10.1016/0550-3213(85)90565-6",
}
    number = "0",
    url = "http://www.sciencedirect.com/science/article/pii/0550321385905656",

@article{1986.Osakabe.confirmation-of-A-B-effect,
    title = {Experimental confirmation of Aharonov-Bohm effect using a toroidal magnetic field confined by a superconductor},
    author = {Osakabe, Nobuyuki and Matsuda, Tsuyoshi and Kawasaki, Takeshi and Endo, Junji and Tonomura, Akira and Yano, Shinichiro and Yamada, Hiroji},
    journal = {Phys. Rev. A},
    volume = "{34}",
    issue = {2},
    pages = {815--822},
    year = {1986},
    doi = {10.1103/PhysRevA.34.815},
    publisher = {American Physical Society}
}
    month = {Aug},
    url = {http://link.aps.org/doi/10.1103/PhysRevA.34.815},

@article{1987.Langacker-Williams.running-couplings,
    author = {Amaldi, Ugo and B\"ohm, Albrecht and Durkin, L. S. and Langacker, Paul and Mann, Alfred K. and Marciano, William J. and Sirlin, Alberto and Williams, H. H.},
    title = {Comprehensive analysis of data pertaining to the weak neutral current and the intermediate-vector-boson masses},
    journal = {Phys. Rev. D},
    volume = "{36}",
    issue = {5},
    pages = {1385--1407},
    year = {1987},
    doi = {10.1103/PhysRevD.36.1385},
}

@article{1990.ALEPH.3-neutrino-families,
    author          = "",
    collaboration   = "{ALEPH}",
    title = "A precise determination of the number of families with light neutrinos and of the $Z$ boson partial widths",
    journal = "Physics Letters B",
    volume = "{235}",
    pages = "399-411",
    year = "1990",
    note = "",
    issn = "0370-2693",
    doi = "10.1016/0370-2693(90)91984-J",
}
    url = "http://www.sciencedirect.com/science/article/pii/037026939091984J",

@article{1991.Amaldi.LEP_unification_of_couplings,
   author = {{Amaldi}, U. and {de Boer}, W. and {F{\"u}rstenau}, H.},
    title = "{Comparison of grand unified theories with electroweak
              and strong coupling constants measured at LEP}",
  journal = {Physics Letters B},
     year = "1991",
   volume = "{260}",
    pages = {447-455},
      doi = {10.1016/0370-2693(91)91641-8},
}
   adsurl = {http://adsabs.harvard.edu/abs/1991PhLB..260..447A},
  adsnote = {Provided by the SAO/NASA Astrophysics Data System}
    month = may,

@article{1993.Georgi.Effective-Field-Theory,
    author = {Georgi, H},
    title = {Effective Field Theory},
    journal = {Annual Review of Nuclear and Particle Science},
    volume = "{43}",
    number = {1},
    pages = {209--252},
    year = {1993},
    doi = {10.1146/annurev.ns.43.120193.001233},
}

@article{1993.Leutwyler.chiral-perturbation-theory,
    author         = "Leutwyler, H.",
    title          = "{On the foundations of chiral perturbation theory}",
    journal        = "Annals Phys.",
    volume         = "{235}",
    pages          = "165-203",
    doi            = "10.1006/aphy.1994.1094",
    year           = "1994",
    eprint         = "hep-ph/9311274",
    archivePrefix  = "arXiv",
    primaryClass   = "hep-ph",
}

@misc{1989.Berners-Lee.information-management-proposal,
    author       = {Berners-Lee, Tim},
    title        = "Information Management: A Proposal",
    institution  = "CERN",
    address      = "Geneva",
    howpublished = "\href{http://www.w3.org/History/1989/proposal.html}{http://www.w3.org/History/1989/proposal.html}",
    note         = "March 1989",
}

@misc{CERN-IT-9304003,
    author       = "CERN",
    title        = "Statement concerning CERN W3 software release into public domain",
    institution  = "CERN",
    address      = "Geneva",
    howpublished = "\href{https://cds.cern.ch/record/1164399}{CERN-IT-9304003}",
    note         = "30 April 1993",
}
    year         = "1993",
    month        = "Apr",
    title        = "The document that officially put the World Wide Web into
                    the public domain on 30 April 1993.",

@article{1995.CDF.top-discovery,
    author          = "",
    collaboration = "{CDF}",
    title = {Observation of top quark production in $\overline{\mathit{p}}\mathit{p}$ collisions with the collider detector at fermilab},
    journal = {Phys. Rev. Lett.},
    volume = "{74}",
    issue = {14},
    pages = {2626--2631},
    year = {1995},
    doi = {10.1103/PhysRevLett.74.2626},
    publisher = {American Physical Society}
}
    url = {http://link.aps.org/doi/10.1103/PhysRevLett.74.2626},
    month = {Apr},

@article{1995.DZero.top-discovery,
    author          = "",
    collaboration = "{D\O{}}",
    title = {Observation of the top quark},
    journal = {Phys. Rev. Lett.},
    volume = "{74}",
    issue = {14},
    pages = {2632--2637},
    year = {1995},
    doi = {10.1103/PhysRevLett.74.2632},
    publisher = {American Physical Society}
}
    month = {Apr},
    url = {http://link.aps.org/doi/10.1103/PhysRevLett.74.2632},

@article{1995.LSND.evidence-for-anti-muon-to-electron-neutrino-oscil,
    author = "",
    collaboration  = "LSND",
    title          = "{Candidate events in a search for $\bar{\nu}_{\mu}$
                      to $\bar{\nu}_{e}$ oscillations}",
    journal        = "Phys.Rev.Lett.",
    volume         = "{75}",
    pages          = "2650-2653",
    doi            = "10.1103/PhysRevLett.75.2650",
    year           = "1995",
    eprint         = "nucl-ex/9504002",
    archivePrefix  = "arXiv",
    primaryClass   = "nucl-ex",
    reportNumber   = "LA-UR-95-1238",
    SLACcitation   = "%%CITATION = NUCL-EX/9504002;%%",
}

@article{1997.LSND.evidence-for-muon-to-electron-neutrino-oscil,
    author = "",
    collaboration  = "LSND",
    title          = "{Evidence for $\nu_\mu$ to $\nu_e$ neutrino oscillations
                      from LSND}",
    journal        = "Phys.Rev.Lett.",
    volume         = "{81}",
    pages          = "1774-1777",
    doi            = "10.1103/PhysRevLett.81.1774",
    year           = "1998",
    eprint         = "nucl-ex/9709006",
    archivePrefix  = "arXiv",
    primaryClass   = "nucl-ex",
    reportNumber   = "UCRHEP-E-197",
    SLACcitation   = "%%CITATION = NUCL-EX/9709006;%%",
}

@article{1998.Super-K.atmospheric-neutrino-oscil,
    author          = "",
    collaboration = "{Super-Kamiokande}",
    title = {Evidence for oscillation of atmospheric neutrinos},
    journal = {Phys. Rev. Lett.},
    volume = "{81}",
    issue = {8},
    pages = {1562--1567},
    year = {1998},
    doi = {10.1103/PhysRevLett.81.1562},
    publisher = {American Physical Society}
}
    url = {http://link.aps.org/doi/10.1103/PhysRevLett.81.1562},
    month = {Aug},

direct CP violation
@article{1999.NA48.Direct-CP-violation-in-neutral-kaon,
    author          = "",
    collaboration   = "{NA48}",
    title = "A new measurement of direct CP violation in two pion decays of the neutral kaon",
    journal = "Physics Letters B",
    volume = "{465}",
    pages = "335-348",
    year = "1999",
    issn = "0370-2693",
    doi = "10.1016/S0370-2693(99)01030-8",
}
    url = "http://www.sciencedirect.com/science/article/pii/S0370269399010308",

DONUT experiment at Fermilab
@article{2001.Kodama.discovery_of_tau_neutrino,
    author = "{K. Kodama~$et~al.$}",
    title = "Observation of tau neutrino interactions",
    journal = "Physics Letters B",
    volume = "{504}",
    pages = "218--224",
    year = "2001",
    issn = "0370-2693",
    doi = "10.1016/S0370-2693(01)00307-0",
}
    number = "3",
    url = "http://www.sciencedirect.com/science/article/pii/S0370269301003070",

Livingston Plot
@misc{2001.Snowmass-accelerator-report,
      author         = "{A. Chao~$et~al.$}",
      title          = "{2001 Snowmass accelerator R\&D report}",
      howpublished   = "\href{http://www.slac.stanford.edu/pubs/slacpubs/9000/slac-pub-9483.html}{SLAC-PUB-9483}",
      year           = "2001",
}
      author         = "Chao, Alexander and Davidson, Ronald and Dragt,
                        Alexander and Dugan, Gerald and Holtkamp, Norbert and
                        others",
      reportNumber   = "SLAC-PUB-9483, FERMILAB-CONF-01-422,
                        SNOWMASS-2001-MT1001",
      SLACcitation   = "%%CITATION = ECONF,C010630,MT1001;%%",

@article{2001.LSND.evidence-for-neutrino-oscillations,
    author = "",
    collaboration  = "LSND",
    title          = "{Evidence for neutrino oscillations from the observation
                      of $\bar{\nu}_{e}$ appearance in a
                      $\bar{\nu}_{\mu}$ beam}",
    journal        = "Phys.Rev.D",
    volume         = "{64}",
    pages          = "112007",
    doi            = "10.1103/PhysRevD.64.112007",
    year           = "2001",
    eprint         = "hep-ex/0104049",
    archivePrefix  = "arXiv",
    primaryClass   = "hep-ex",
    SLACcitation   = "%%CITATION = HEP-EX/0104049;%%",
}
    author         = "Aguilar-Arevalo, A. and others",

@article{2001.SNO.measurement-of-solar-neutrino-rate,
    author          = "",
    collaboration = "{SNO}",
    title = {Measurement of the rate of $\nu_e+d \rightarrow p+p+e^{-}$ interactions
        produced by $^{8}B$ solar neutrinos at the Sudbury Neutrino Observatory},
    journal = {Phys. Rev. Lett.},
    volume = "{87}",
    issue = {7},
    pages = {071301},
    numpages = {6},
    year = {2001},
    doi = {10.1103/PhysRevLett.87.071301},
    publisher = {American Physical Society}
}
    url = {http://link.aps.org/doi/10.1103/PhysRevLett.87.071301},
    month = {Jul},

@article{2002.SNO.evidence-for-neutrino-oscillations,
    author          = "",
    collaboration = "{SNO}",
    title          = "{Direct evidence for neutrino flavor transformation from
                      neutral current interactions in the Sudbury Neutrino
                      Observatory}",
    journal        = "Phys.Rev.Lett.",
    volume         = "{89}",
    pages          = "011301",
    doi            = "10.1103/PhysRevLett.89.011301",
    year           = "2002",
    eprint         = "nucl-ex/0204008",
    archivePrefix  = "arXiv",
    primaryClass   = "nucl-ex",
    SLACcitation   = "%%CITATION = NUCL-EX/0204008;%%",
}

@article{2004.Super-K.atmospheric-neutrino-oscil,
    author          = "",
    collaboration = "{Super-Kamiokande}",
    title          = "{Evidence for an oscillatory signature in atmospheric
                      neutrino oscillation}",
    journal        = "Phys.Rev.Lett.",
    volume         = "{93}",
    pages          = "101801",
    doi            = "10.1103/PhysRevLett.93.101801",
    year           = "2004",
    eprint         = "hep-ex/0404034",
    archivePrefix  = "arXiv",
    primaryClass   = "hep-ex",
    SLACcitation   = "%%CITATION = HEP-EX/0404034;%%",
}

@article{2004.APS.neutrino-matrix,
   author = {{Freedman}, S.~J. and {Kayser}, B.},
    title = "{The neutrino matrix}",
  journal = {ArXiv Physics e-prints},
   eprint = {arXiv:physics/0411216},
     year = 2004,
     publisher = {American Physical Society (APS)},
     note = "Joint study on the future of neutrino physics",
}
    month = nov,
   adsurl = {http://adsabs.harvard.edu/abs/2004physics..11216F},
  adsnote = {Provided by the SAO/NASA Astrophysics Data System}

@article{2005.KamLAND.reactor-neutrino-oscil,
    author         = "",
    collaboration  = "KamLAND",
    title          = "{Measurement of neutrino oscillation with KamLAND:
        Evidence of spectral distortion}",
    journal        = "Phys.Rev.Lett.",
    volume         = "{94}",
    pages          = "081801",
    doi            = "10.1103/PhysRevLett.94.081801",
    year           = "2005",
    eprint         = "hep-ex/0406035",
    archivePrefix  = "arXiv",
    primaryClass   = "hep-ex",
    SLACcitation   = "%%CITATION = HEP-EX/0406035;%%",
}


J. Beringer et al. (Particle Data Group), Phys. Rev. D86, 010001 (2012)
@article{2012.PDG,
    author = "{J. Beringer~$et~al.$ (Particle Data Group)}",
    title   = "The Review of Particle Physics",
    journal        = "Phys.Rev.D",
    volume         = "{86}",
    pages          = "010001",
    year           = "2012",
}

T2K theta13
@article{2011.T2K.Indication-of-theta13,
    author = "",
    collaboration = "{T2K}",
    title = {Indication of electron neutrino appearance from an
        accelerator-produced off-axis muon neutrino beam},
    journal = {Phys. Rev. Lett.},
    volume = "{107}",
    issue = {4},
    pages = {041801},
    numpages = {8},
    year = {2011},
    doi = {10.1103/PhysRevLett.107.041801},
    publisher = {American Physical Society}
}
    month = {Jul},
    url = {http://link.aps.org/doi/10.1103/PhysRevLett.107.041801},

Daya Bay theta13
@article{2012.DayaBay.Observation-of-theta13,
    author = "{F. P. An~$et~al.$ (Daya Bay Reactor Neutrino Experiment)}",
    title = {Observation of electron-antineutrino disappearance at Daya Bay},
    journal = {Phys. Rev. Lett.},
    volume = "{108}",
    issue = {17},
    pages = {171803},
    numpages = {7},
    year = {2012},
    doi = {10.1103/PhysRevLett.108.171803},
    publisher = {American Physical Society}
}
    month = {Apr},
    url = {http://link.aps.org/doi/10.1103/PhysRevLett.108.171803},

@article{2012.ATLAS.Higgs-discovery,
    author         = "",
    collaboration  = "{ATLAS}",
    title          = "{Observation of a new particle in the search for the
                      Standard Model Higgs boson with the ATLAS detector at the
                      LHC}",
    journal        = "Phys.Lett.B",
    volume         = "{716}",
    pages          = "1--29",
    doi            = "10.1016/j.physletb.2012.08.020",
    year           = "2012",
    eprint         = "1207.7214",
    archivePrefix  = "arXiv",
    primaryClass   = "hep-ex",
    reportNumber   = "CERN-PH-EP-2012-218",
    SLACcitation   = "%%CITATION = ARXIV:1207.7214;%%",
}

@article{2012.CMS.Higgs-discovery,
    author         = "",
    collaboration  = "{CMS}",
    title          = "{Observation of a new boson at a mass of 125 GeV with the
                      CMS experiment at the LHC}",
    journal        = "Phys.Lett.B",
    volume         = "{716}",
    pages          = "30--61",
    doi            = "10.1016/j.physletb.2012.08.021",
    year           = "2012",
    eprint         = "1207.7235",
    archivePrefix  = "arXiv",
    primaryClass   = "hep-ex",
    reportNumber   = "CMS-HIG-12-028, CERN-PH-EP-2012-220",
    SLACcitation   = "%%CITATION = ARXIV:1207.7235;%%",
}

