@techreport{MCP2012,
      title        = "Preliminary results on the muon reconstruction efficiency, momentum resolution, and momentum scale in ATLAS 2012 $pp$ collsion data",
      institution  = "CERN",
      address      = "Geneva",
      number       = "ATLAS-CONF-2013-088",
      month        = "February",
      year         = "2013",
}
@techreport{ATLAS-CONF-2014-032,
      title         = "{Electron efficiency measurements with the ATLAS detector
                       using the 2012 LHC proton-proton collision data}",
      institution   = "CERN",
      address       = "Geneva",
      number        = "ATLAS-CONF-2014-032",
      month         = "Jun",
      year          = "2014",
}
@article{Cacciari:2008gp,
      author         = "Cacciari, Matteo and Salam, Gavin P. and Soyez, Gregory\
",
      title          = "{The Anti-k(t) jet clustering algorithm}",
      journal        = "JHEP",
      volume         = "0804",
      pages          = "063",
      doi            = "10.1088/1126-6708/2008/04/063",
      year           = "2008",
      eprint         = "0802.1189",
      archivePrefix  = "arXiv",
      primaryClass   = "hep-ph",
      reportNumber   = "LPTHE-07-03",
      SLACcitation   = "%%CITATION = ARXIV:0802.1189;%%",                       
}

