#------------------------------------------------------------------------------
# used in thesis, reverse chronological from publication date
@article{np_22_579,
author = "Sheldon L. Glashow",
title = "Partial-symmetries of weak interactions",
journal = "Nucl.~Phys.",
volume = "22",
number = "4",
pages = "579",
year = "1961",
doi = "10.1016/0029-5582(61)90469-2"
}

@article{1973.Gross-Wilczek.Asymptotic_freedom_0,
    title = {Ultraviolet behavior of non-abelian gauge theories},
    author = {Gross, David J. and Wilczek, Frank},
    journal = {Phys. Rev. Lett.},
    volume = "{30}",
    issue = {26},
    pages = {1343--1346},
    year = {1973},
    doi = {10.1103/PhysRevLett.30.1343},
    publisher = {American Physical Society}
}

@article{prl_19_1264,
  author =   {{S.~Weinberg}},
  title  = "A Model of Leptons",
  journal =      PRL,
  year =     1967,
  volume =   {19},
  pages =    "1264",
  doi   = "10.1103/PhysRevLett.19.1264"
}

@article{1964.Salam-Ward.gauge-theory,
    title = {Gauge theory of elementary interactions},
    author = {Salam, Abdus and Ward, J. C.},
    journal = {Phys. Rev.},
    volume = {136},
    issue = {3B},
    pages = {763--768},
    year = {1964},
    doi = {10.1103/PhysRev.136.B763},
}

@article{1964.Salam-Ward.EM-and-weak,
    author         = "Salam, Abdus and Ward, John Clive",
    title          = "{Electromagnetic and weak interactions}",
    journal        = "Phys.Lett.",
    volume         = "{13}",
    pages          = "168-171",
    doi            = "10.1016/0031-9163(64)90711-5",
    year           = "1964",
    SLACcitation   = "%%CITATION = PHLTA,13,168;%%",
}

@article{1972.tHooft-Veltman.regularization_and_renormalization,
    author = "{G.~'t~Hooft and M. Veltman}",
    title = "Regularization and renormalization of gauge fields",
    journal = "Nuclear Physics B",
    volume = "{44}",
    pages = "189 - 213",
    year = "1972",
    note = "",
    issn = "0550-3213",
    doi = "10.1016/0550-3213(72)90279-9",
}

@article{Englert:1964et,
     author    = "Englert, F. and Brout, R.",
     title     = "{Broken Symmetry and the Mass of Gauge Vector Mesons}",
     journal   = "Phys.~Rev.~Lett.",
     volume    = "13",
     year      = "1964",
     pages     = "321-322",
     doi       = "10.1103/PhysRevLett.13.321",
     SLACcitation  = "%%CITATION = PRLTA,13,321;%%"
}

@article{Higgs:1964pj,
      author         	= "Higgs, Peter W.",
      title          		= "{Broken symmetries and the masses of gauge bosons}",
      journal        	= "Phys. Rev. Lett.",
      year           	= "1964",
      volume         	= "13",
      pages          	= "508",
      doi            	= "10.1103/PhysRevLett.13.508"
}

@article{Higgs:1966ev,
      author         	= "Higgs, Peter W.",
      title          		= "{Spontaneous symmetry breakdown without massless bosons}",
      journal        	= "Phys. Rev.",
      year           	= "1966",
      volume         	= "145",
      pages          	= "1156",
      doi            	= "10.1103/PhysRev.145.1156"
}

@article{1973.Weinberg.SM-with-QCD,
    title = {Non-abelian gauge theories of the strong interactions},
    author = {Weinberg, Steven},
    journal = {Phys. Rev. Lett.},
    volume = {31},
    issue = {7},
    pages = {494--497},
    year = {1973},
    doi = {10.1103/PhysRevLett.31.494},
}

@article{GFitter,
year={2012},
issn={1434-6044},
journal={The European Physical Journal C},
eid={2205},
volume={72},
number={11},
doi={10.1140/epjc/s10052-012-2205-9},
title={The electroweak fit of the standard model after the discovery of a new boson at the LHC},
url={http://dx.doi.org/10.1140/epjc/s10052-012-2205-9},
publisher={Springer-Verlag},
author={Baak, M. and Goebel, M. and Haller, J. and Hoecker, A. and Kennedy, D. and Kogler, R. and Mönig, K. and Schott, M. and Stelzer, J.},
language={English}
}

@article{1985.Collins.factorization-theorem,
    author = "John C. Collins and Davison E. Soper and George Sterman",
    title = "Factorization for short distance hadron-hadron scattering",
    journal = "Nuclear Physics B",
    volume = "{261}",
    pages = "104 - 142",
    year = "1985",
    note = "",
    issn = "0550-3213",
    doi = "10.1016/0550-3213(85)90565-6",
}

@article{lepew:2010vi,
     author    ="{The ALEPH, CDF, D\O, DELPHI, L3, OPAL, SLD Collaborations, the LEP Electroweak Working Group, the Tevatron Electroweak Working Group, and the SLD electroweak and heavy flavour groups}",
     title      = "Precision Electroweak Measurements and Constraints on the Standard Model",
     journal    ="{CERN-PH-EP-2010-095}",
     year      = "2010",
     eprint    = "1012.2367",
     archivePrefix = "arXiv",
     primaryClass  =  "hep-ex"
}

@proceedings{lhcProposal,
     title         = "{}",
     organization  = "CERN",
     publisher     = "CERN",
     address       = "Geneva",
     year          = "1984",
}

@article{Dittmaier:2012vm,
      author  = "{LHC Higgs Cross Section Working Group} and Dittmaier, S. and Mariotti, C. and Passarino, G. and Tanaka (Eds.), R.",
      title          = "{Handbook of LHC Higgs Cross Sections: 2. Differential Distributions}",
      journal = "CERN-2012-002",
      year    = "CERN, Geneva, 2012",
      eprint         = "1201.3084",
      archivePrefix  = "arXiv",
      primaryClass   = "hep-ph",
      SLACcitation   = "%%CITATION = ARXIV:1201.3084;%%",
}
@techreport{ATLAS-CONF-2014-009,
      title         = "{Updated coupling measurements of the Higgs boson with the
                       ATLAS detector using up to 25 fb$^{-1}$ of proton-proton
                       collision data}",
      institution   = "CERN",
      address       = "Geneva",
      number        = "ATLAS-CONF-2014-009",
      month         = "Mar",
      year          = "2014",
}
@techreport{CMS-PAS-HIG-14-009,
      title         = "{Precise determination of the mass of the Higgs boson and
                          studies of the compatibility of its couplings with the
                          standard model}",
      institution   = "CERN",
      collaboration = "CMS Collaboration",
      address       = "Geneva",
      number        = "CMS-PAS-HIG-14-009",
      year          = "2014",
}
@article{Aad:2014aba,
      author         = "Aad, Georges and others",
      title          = "{Measurement of the Higgs boson mass from the
                        $H\rightarrow \gamma\gamma$ and $H \rightarrow ZZ^{*}
                        \rightarrow 4\ell$ channels with the ATLAS detector using
                        25 fb$^{-1}$ of $pp$ collision data}",
      collaboration  = "ATLAS Collaboration",
      year           = "2014",
      eprint         = "1406.3827",
      archivePrefix  = "arXiv",
      primaryClass   = "hep-ex",
      reportNumber   = "CERN-PH-EP-2014-122",
      SLACcitation   = "%%CITATION = ARXIV:1406.3827;%%",
}
@article{tagkey2013120,
title = "Evidence for the spin-0 nature of the Higgs boson using \{ATLAS\} data ",
journal = "Physics Letters B ",
volume = "726",
number = "1–3",
pages = "120 - 144",
year = "2013",
note = "",
issn = "0370-2693",
doi = "http://dx.doi.org/10.1016/j.physletb.2013.08.026",
url = "http://www.sciencedirect.com/science/article/pii/S0370269313006527",
key = "tagkey2013120",
keywords = "Higgs boson",
keywords = "Spin",
keywords = "Parity "
}
@article{Eberhardt:2012gv,
      author         = "Eberhardt, Otto and Herbert, Geoffrey and Lacker, Heiko
                        and Lenz, Alexander and Menzel, Andreas and others",
      title          = "{Impact of a Higgs boson at a mass of 126 GeV on the
                        standard model with three and four fermion generations}",
      journal        = "Phys.Rev.Lett.",
      volume         = "109",
      pages          = "241802",
      doi            = "10.1103/PhysRevLett.109.241802",
      year           = "2012",
      eprint         = "1209.1101",
      archivePrefix  = "arXiv",
      primaryClass   = "hep-ph",
      reportNumber   = "TTP12-034",
      SLACcitation   = "%%CITATION = ARXIV:1209.1101;%%",
}
@article{Dawson:2013bba,
      author         = "Dawson, Sally and Gritsan, Andrei and Logan, Heather and
                        Qian, Jianming and Tully, Chris and others",
      title          = "{Working Group Report: Higgs Boson}",
      year           = "2013",
      eprint         = "1310.8361",
      archivePrefix  = "arXiv",
      primaryClass   = "hep-ex",
      SLACcitation   = "%%CITATION = ARXIV:1310.8361;%%",
}
@article{Carena:2013iba,
      author         = "Carena, Marcela and Gori, Stefania and Shah, Nausheen R.
                        and Wagner, Carlos E.M. and Wang, Lian-Tao",
      title          = "{Light Stops, Light Staus and the 125 GeV Higgs}",
      journal        = "JHEP",
      volume         = "1308",
      pages          = "087",
      doi            = "10.1007/JHEP08(2013)087",
      year           = "2013",
      eprint         = "1303.4414",
      archivePrefix  = "arXiv",
      reportNumber   = "EFI-13-3-, FERMILAB-PUB-13-065-T, MCTP-13-07",
      SLACcitation   = "%%CITATION = ARXIV:1303.4414;%%",
}
@article{ArkaniHamed:2012kq,
      author         = "Arkani-Hamed, Nima and Blum, Kfir and D'Agnolo, Raffaele
                        Tito and Fan, JiJi",
      title          = "{2:1 for Naturalness at the LHC?}",
      journal        = "JHEP",
      volume         = "1301",
      pages          = "149",
      doi            = "10.1007/JHEP01(2013)149",
      year           = "2013",
      eprint         = "1207.4482",
      archivePrefix  = "arXiv",
      primaryClass   = "hep-ph",
      SLACcitation   = "%%CITATION = ARXIV:1207.4482;%%",
}
@article{Carmi:2012yp,
      author         = "Carmi, Dean and Falkowski, Adam and Kuflik, Eric and
                        Volansky, Tomer",
      title          = "{Interpreting LHC Higgs Results from Natural New Physics
                        Perspective}",
      journal        = "JHEP",
      volume         = "1207",
      pages          = "136",
      doi            = "10.1007/JHEP07(2012)136",
      year           = "2012",
      eprint         = "1202.3144",
      archivePrefix  = "arXiv",
      primaryClass   = "hep-ph",
      reportNumber   = "LPT-ORSAY-12-1",
      SLACcitation   = "%%CITATION = ARXIV:1202.3144;%%",
}
@article{Degrassi:2012ry,
      author         = "Degrassi, Giuseppe and Di Vita, Stefano and Elias-Miro,
                        Joan and Espinosa, Jose R. and Giudice, Gian F. and
                        others",
      title          = "{Higgs mass and vacuum stability in the Standard Model at
                        NNLO}",
      journal        = "JHEP",
      volume         = "1208",
      pages          = "098",
      doi            = "10.1007/JHEP08(2012)098",
      year           = "2012",
      eprint         = "1205.6497",
      archivePrefix  = "arXiv",
      primaryClass   = "hep-ph",
      reportNumber   = "CERN-PH-TH-2012-134, RM3-TH-12-9",
      SLACcitation   = "%%CITATION = ARXIV:1205.6497;%%",
}
#------------------------------------------------------------------------------
# not yet used in thesis


